3236 4924
758 378 797 436 51

231 574 329 658 regis.
343 572 518 638 sacrificuli
540 571 803 649 administraret,
827 591 924 638 saera
945 571 1077 654 publiea
1098 573 1187 638 feeit.
1232 574 1335 638 Theo·

231 692 332 756 genes
371 679 496 756 autem,
530 691 601 738 eum
634 674 675 737 ab
709 671 923 756 Areopagitis
955 672 1204 755 vituperaretur
1235 678 1336 754 atque

230 773 419 856 puniretur,
457 774 542 854 quod
579 773 788 856 peregrinam
824 773 991 838 mulierem
1026 773 1060 838 in
1096 772 1335 840 matrimonium

231 874 379 940 duxisset
401 880 495 940 etat
520 873 670 956 reginam
700 872 916 938 sacrificalem
944 891 1038 938 saera
1067 873 1197 955 publiea
1225 873 1336 939 faeere

230 975 444 1056 permisisset,
463 974 631 1055 professus
653 991 689 1038 se
711 993 731 1038 a
753 973 920 1054 Stephano
944 973 1130 1054 deceptum,
1149 975 1208 1039 sed
1222 973 1336 1039 statim

230 1074 396 1140 mulierem
418 1091 436 1138 a
459 1073 551 1138 domo
574 1073 750 1156 ejecturum
774 1091 862 1142 esse.
884 1072 999 1138 Phano
1021 1073 1055 1138 in
1076 1073 1183 1155 patris
1206 1075 1334 1140 domum

231 1172 366 1239 remisit.
421 1174 518 1256 Cujus
550 1164 751 1238 narrationis
792 1171 872 1238 fides
913 1173 1007 1238 nobis
1050 1174 1111 1238 hoe
1146 1174 1333 1240 testimonio

232 1274 251 1359 ξ
275 1274 333 1339 111
362 1274 590 1339 confirmatur:

360 1407 505 1494 θεῃγένης
522 1404 658 1490 Ἄρχιεὺς
674 1412 840 1490 μαρτυρεῖ,
863 1406 907 1470 ὅτ’
937 1407 1031 1482 αὐτὸς
1054 1406 1219 1489 ἐβασίλευε,
1246 1414 1337 1496 γῆμαι

359 1507 449 1571 Φανὼ
482 1508 526 1582 ὡς
556 1506 717 1592 Στεφάνου
745 1505 837 1570 οὖσαν
867 1506 1033 1591 άογατέρα,
1066 1509 1130 1571 ἐπεὶ
1156 1508 1191 1571 ἀὲ
1225 1503 1337 1595 ᾔσθετο

357 1610 596 1699 ἐξηπατημένος,
632 1611 683 1697 την
721 1634 753 1673 τε
786 1609 951 1694 άνιλρωπον
988 1609 1126 1691 ἐκβαλεῖν
1158 1613 1206 1673 καὶ
1239 1610 1337 1674 οάκέτι

356 1715 502 1774 συνοικεῖν
530 1712 618 1797 αὐτῇ,
643 1713 692 1774 καὶ
721 1709 880 1795 Στέφανον
910 1710 1057 1773 ἀπελάσαι
1083 1710 1143 1772 ἀπὸ
1177 1715 1228 1797 τῆς
1257 1733 1337 1794 παρ-

357 1810 462 1895 εδρίας
481 1814 529 1874 καλ
551 1811 605 1874 oda
626 1810 679 1873 ε’ἀν
702 1808 745 1873 ἔτι
768 1809 969 1894 παρεδρεύειν
991 1810 1083 1894 αὐτῷ.

314 1988 387 2053 Hoc
407 1987 630 2054 testimonium
652 1989 924 2054 Westermannus
947 1986 1028 2052 dicit
1054 1988 1116 2053 hoo
1141 1986 1212 2052 loeo
1241 1986 1337 2068 piane

230 2086 378 2168 ineptum
400 2106 488 2168 esse;
512 2108 552 2153 ex
573 2087 685 2152 verbis
708 2086 808 2170 enim,
841 2106 924 2167 quae
951 2091 1064 2152 orator
1092 2091 1192 2153 antea
1220 2086 1338 2152 feeerit

232 2188 280 2250 καὶ
306 2188 352 2249 ὅτι
381 2187 462 2250 ταῦτ’
490 2187 589 2274 utpote}
615 2187 700 2268 λέγω,
740 2187 855 2250 τούτων
889 2187 955 2270 ὑμῖν
984 2188 1129 2271 μάρτυρα
1161 2187 1254 2250 αὐτὸν
1288 2190 1338 2251 τὸν

236 2285 381 2372 θεογένην
413 2287 495 2349 καλῶ
523 2289 572 2349 καὶ
597 2286 756 2368 ἀναμιάσω
780 2288 949 2371 μαρτυρεῖν
982 2285 1170 2367 exspectari
1198 2285 1339 2352 formula

233 2403 342 2450 omnes
365 2405 438 2467 res,
461 2405 543 2467 quas
565 2391 665 2452 antea
687 2389 801 2451 orator
824 2385 1029 2467 exposuerit,
1053 2385 1247 2452 confirmari.
1292 2389 1339 2453 At

232 2483 339 2550 virum
360 2485 583 2552 doctissimum
605 2505 718 2552 vocem
752 2490 846 2550 τοῦτο
877 2487 938 2551 hoo
969 2486 1063 2551 modo
1096 2486 1338 2552 intellecturum

233 2583 334 2651 fuisse
356 2585 413 2651 vix
443 2591 536 2670 puto,
569 2586 598 2652 si
630 2586 772 2652 animum
804 2587 1007 2653 advertisset
1039 2587 1082 2652 ad
1103 2587 1221 2668 verba,
1255 2604 1339 2666 quae

234 2692 348 2751 orator
369 2685 402 2751 in
424 2687 443 2769 ᾗ
466 2687 526 2751 105
548 2685 647 2752 facit:
671 2686 749 2772 φέρε
781 2687 819 2775 di]
852 2689 900 2751 καὶ
929 2686 1100 2771 μαρτυρίαν
1134 2687 1339 2770 παράσχωμαι

233 2787 300 2870 ὑμῖν
330 2786 370 2850 δι’
406 2788 586 2875 ἀπορρήτου
618 2787 677 2872 μὲν
712 2787 917 2876 γεγενημένην,
955 2789 1040 2871 ὅμως
1073 2787 1108 2850 δὲ
1143 2787 1246 2862 αὐτοῖς
1280 2791 1342 2862 τοῖς

233 2888 454 2973 πεπραγμένοις
473 2888 611 2962 ἐπιδείξω
635 2888 771 2974 φανερὰν
793 2886 887 2951 οὖσαν
909 2888 1003 2976 αὐτὴν
1018 2889 1067 2951 καὶ
1081 2886 1187 2976 ἀληιλη.
1233 2885 1339 2952 Teati·

233 2987 337 3052 monio
360 2987 466 3072 igitur
488 2994 561 3054 erat
582 2988 617 3053 id
641 2990 725 3070 qnod
753 2989 787 3053 in
809 2991 987 3072 Areopago
1016 2987 1221 3069 disputatum
1251 2991 1339 3052 erat3

233 3088 384 3152 sedeam
413 3089 477 3154 hae
507 3088 748 3170 disputationes
781 3087 815 3152 in
844 3106 964 3154 arcano
997 3087 1136 3170 fuerint,
1159 3091 1272 3153 orator
1304 3106 1340 3153 se

233 3187 293 3252 has
315 3205 369 3252 res
391 3193 512 3254 eventu
534 3189 750 3270 probaturum
779 3206 850 3254 esse
872 3187 1047 3269 promittit.
1102 3186 1187 3271 Quid
1220 3192 1339 3270 autem,

234 3287 276 3369 si,
308 3292 347 3353 ut
376 3288 447 3352 vult
468 3288 755 3371 Westermanuus‚
784 3288 931 3354 actiones
964 3287 999 3352 iu
1021 3289 1197 3372 Areopago
1229 3286 1341 3353 saetae

233 3387 471 3471 probarentur,
494 3393 563 3453 tum
593 3387 627 3453 in
655 3408 776 3454 arcano
804 3394 901 3470 esset,
935 3389 1021 3471 quod
1054 3396 1166 3454 orator
1200 3389 1341 3470 probare

233 3487 413 3570 nequiret?
445 3489 560 3569 Neque
571 3487 650 3553 mihi
664 3493 755 3553 recte
771 3487 895 3555 sentire
910 3488 1043 3554 videtur
1057 3487 1110 3554 vir
1125 3486 1342 3567 doctissimus,

233 3590 318 3670 quod
340 3608 420 3656 voce
441 3589 600 3670 ἀναγκάσω
622 3587 757 3671 probari
780 3587 861 3655 dieit
882 3607 945 3653 non
964 3589 1059 3654 modo
1088 3593 1261 3669 eventum,
1284 3588 1342 3653 sed

233 3695 338 3755 totum
352 3709 462 3755 rerum
478 3689 628 3755 ordinem
643 3688 903 3771 intellegendum
918 3707 999 3771 esse,
1022 3706 1117 3770 quem
1132 3685 1342 3753 audientibus

235 3791 268 3854 in
291 3791 478 3857 memoriam
500 3789 651 3857 revocari
683 3789 830 3856 fortasse
858 3789 995 3855 moleste
1022 3788 1111 3855 ferat
1133 3789 1341 3872 Theogenes;

235 3889 293 3955 sed
315 3908 420 3955 nonne
441 3891 476 3957 id
499 3894 565 3975 jam
588 3891 731 3957 oratoris
763 3889 955 3956 narratione
984 3889 1109 3956 factum
1137 3896 1204 3973 est,
1231 3890 1280 3955 ita
1305 3895 1343 3957 ut

234 3989 317 4055 haee
350 4009 427 4056 eura
461 3992 559 4072 plane
591 3991 717 4057 inutilis
751 3987 860 4056 esset?
914 3989 1024 4073 Quare
1052 3987 1123 4054 viro
1156 3987 1342 4054 doctissimo

235 4089 393 4156 assentiri
416 4109 557 4174 nequeo,
580 4092 639 4158 sed
660 4090 883 4157 testimonium
912 4090 998 4155 omni
1024 4089 1201 4157 offensione
1222 4107 1344 4155 vacare

234 4189 396 4273 existimo,
419 4190 571 4272 quoniam
593 4193 734 4256 alterum
756 4190 959 4272 scrupulum,
982 4190 1038 4272 qui
1059 4189 1201 4326 ἰοονηρυ
1215 4188 1344 4255 nomine
