3236 4924
797 357 835 421 13

268 555 493 639 „Quicumque
508 576 571 622 non
588 564 665 622 sunt
679 556 831 638 adoptati
846 556 897 622 vel
912 555 1164 642 sunt'adoptati
1188 555 1246 622 sed
1260 560 1376 638 postea

268 678 309 723 ex
330 657 455 723 familia
477 657 635 739 adoptiva
657 662 871 722 excesserunt
904 676 1008 738 neque
1037 656 1255 722 hereditatem
1278 675 1376 738 appo·

268 761 403 842 tieruut,
426 758 467 824 iis
489 758 586 824 liceto
608 759 711 824 libero
734 759 875 824 arbitrio
897 758 1043 841 legare.“
1103 757 1166 822 Sed
1188 757 1270 822 haec
1291 755 1376 838 legis

268 859 503 942 interpretatio
536 858 665 924 minime
694 858 776 923 ferri
807 863 934 941 potest;
961 877 1036 923 narn
1065 864 1103 923 ut
1132 857 1193 922 hoc
1218 858 1288 922 loco
1311 873 1374 921 vox

269 961 348 1024 ὥστε
361 962 426 1025 vim
439 959 678 1043 conjunctionis
695 958 741 1044 ἐφ’
755 954 816 1043 pire
832 959 963 1041 babeat,
986 960 1018 1024 id
1034 959 1119 1040 quod
1141 958 1219 1024 mihi
1240 976 1305 1023 non
1325 957 1375 1021 ita

269 1059 447 1124 verisimile
471 1066 531 1138 est,
556 1079 630 1124 num
654 1059 742 1124 alind
764 1059 797 1122 in
817 1058 929 1124 uerbis
951 1058 1059 1123 inesse
1080 1064 1191 1141 potest
1213 1057 1277 1124 nisi
1297 1059 1373 1123 hoc:

271 1158 493 1241 „Quicumque
527 1159 678 1240 adoptati
709 1178 773 1223 uon
806 1161 897 1238 sunt,
931 1157 972 1222 iis
1000 1177 1039 1222 ea
1066 1157 1253 1224 condicione
1273 1161 1311 1223 ut
1333 1159 1374 1223 ab

268 1257 481 1339 adoptatione
503 1277 566 1323 non
588 1257 791 1322 decesserint
806 1277 911 1338 neque
926 1257 1145 1322 hereditatem
1161 1257 1372 1341 appetierint,

269 1357 367 1423 liceto
390 1359 492 1425 libero
522 1357 661 1424 arbitrio
690 1359 804 1440 legare
814 1357 850 1422 ?“
894 1357 985 1440 Quae
1001 1359 1104 1423 verba
1126 1376 1189 1422 nou
1215 1357 1278 1424 sibi
1301 1377 1374 1424 con·

268 1459 379 1523 venire
412 1464 569 1541 apparet,
602 1458 652 1524 ita
683 1465 720 1524 ut
748 1457 992 1540 praetermissis
1020 1457 1093 1523 aliis
1122 1456 1229 1523 causis
1259 1458 1372 1525 statim

267 1560 352 1625 hanc
374 1561 414 1626 ob
436 1579 504 1625 rem
527 1559 603 1624 talis
626 1558 802 1640 explicatio
824 1558 992 1624 reicienda
1015 1559 1069 1623 sit.

349 1710 542 1793 Simplicior,
576 1711 634 1776 sed
665 1729 727 1775 non
763 1709 964 1791 probabilior
999 1715 1050 1775 est
1083 1709 1164 1775 haec
1197 1708 1371 1791 explicatio

266 1811 455 1875 verborum:
478 1808 698 1892 „Quicumque
720 1829 784 1874 non
807 1816 903 1875 erant
925 1808 1089 1891 adoptati,
1103 1809 1153 1874 ita
1173 1813 1211 1874 ut
1233 1827 1271 1874 eo
1293 1816 1372 1875 tem·

267 1929 355 1992 pore,
380 1931 442 1992 quo
465 1910 561 1976 Solon
583 1911 817 1992 magistratum
838 1910 923 1992 iniit,
947 1910 1053 1992 patris
1076 1909 1224 1991 adoptivi
1245 1910 1372 1977 heredi·

266 2015 370 2075 tatem
391 2029 496 2092 neque
524 2030 679 2077 recusare
708 2030 813 2091 neque
842 2015 999 2092 appetere
1027 2017 1176 2092 possent,
1206 2009 1247 2076 iis
1272 2011 1370 2078 liceto

268 2111 371 2176 libero
405 2112 544 2178 arbitrio
574 2113 614 2178 de
641 2112 707 2176 suis
730 2111 961 2176 constituere.“
1006 2111 1200 2176 Schulinus¹
1232 2111 1371 2193 quidem,

266 2213 319 2291 qui
357 2215 441 2277 hanc
476 2211 784 2295 interpretationem
818 2212 999 2294 proposuit,
1036 2211 1125 2277 aliud
1158 2218 1370 2294 praeceptum

266 2313 398 2392 putavit
433 2313 669 2394 praecessisse,
704 2330 766 2392 quo
800 2312 875 2377 filiis
911 2317 988 2377 ante
1021 2312 1170 2378 Solonem
1202 2313 1370 2394 adoptatis

266 2415 402 2491 propter
424 2431 542 2478 novam
567 2411 651 2496 juris
679 2411 871 2476 hereditarii
902 2410 1168 2477 constitutionem
1196 2411 1369 2478 arbitrium

266 2509 377 2575 datum
411 2518 499 2577 esset
530 2511 775 2592 adoptationem
808 2517 866 2576 aut
898 2511 1074 2577 recusandi
1105 2520 1164 2578 aut
1195 2511 1368 2578 retinendi.

266 2611 312 2674 At
333 2611 470 2693 primum
500 2613 627 2694 quidem
656 2611 814 2677 traditam
843 2613 1015 2678 formulam
1045 2613 1260 2693 posteriorem
1286 2613 1369 2695 legis

264 2717 392 2791 partem
420 2712 524 2777 fuisse
553 2711 633 2777 mibi
665 2712 866 2794 persuadere
895 2731 958 2777 nou
991 2713 1101 2795 potui3
1135 2733 1210 2778 nam
1241 2713 1270 2780 si
1301 2712 1369 2780 tale

263 2818 474 2894 praeceptum
496 2812 742 2895 praecessisset,
765 2813 923 2895 temporis
946 2811 1153 2894 terminatio,
1175 2832 1260 2899 quae
1281 2814 1369 2881 inest

262 2912 296 2975 in
311 2912 422 2977 verbis
444 2914 496 2976 ὅτε
512 2913 619 2977 Σόλων
643 2912 736 2999 εἰσῄει
760 2915 811 3000 rip
833 2914 932 3000 ἀρχὴν
948 2913 1004 2977 vix
1018 2913 1052 2977 iu
1068 2912 1252 2995 posteriore
1270 2919 1367 2995 parte

263 3011 386 3094 posita,
421 3019 457 3078 at
480 3014 564 3078 duae
585 3013 670 3095 legis
693 3019 806 3095 partes
830 3013 1002 3095 particulis
1031 3013 1143 3097 μὲν-δὲ
1176 3015 1368 3098 conjunctae

263 3117 384 3174 essent.
427 3112 492 3177 Cur
514 3117 623 3177 autem
646 3112 773 3177 omnino
796 3112 857 3176 tali
878 3117 1055 3194 praecepto
1079 3130 1159 3194 opus
1185 3116 1268 3195 erat,
1291 3133 1367 3195 qno·

263 3207 350 3272 uiam
383 3209 508 3275 civibus
536 3210 704 3291 adoptatis
732 3230 860 3292 semper
886 3211 952 3276 filio
986 3211 1019 3275 in
1051 3210 1178 3276 familia
1210 3210 1367 3295 adoptiva

266 3307 381 3373 relicto
404 3309 550 3375 insuam
574 3310 731 3375 familiam
754 3310 861 3376 redire
884 3310 986 3393 licuit,
1009 3330 1113 3391 neque
1134 3310 1193 3376 filii
1215 3311 1367 3394 adoptati

263 3407 391 3475 Solonis
413 3410 541 3494 legibus
564 3410 775 3477 hereditariis
797 3411 893 3476 ullam
910 3411 1131 3476 calamitatem
1146 3412 1365 3494 acceperunt?

262 3510 373 3590 Atque
395 3510 480 3591 quod
510 3511 637 3576 tradita
665 3513 768 3577 verba
794 3511 930 3594 attinet,
957 3528 1064 3576 nonne
1091 3511 1258 3577 sententia
1286 3513 1366 3578 ὥστε

160 3621 162 3626 ’
261 3607 328 3695 ιιῆτ’
351 3611 487 3674 ἀπειπεῖν
506 3609 576 3699 μήτ’
599 3609 843 3693 ἐπιδικάσασθαι,
866 3613 927 3676 hoc
949 3612 1043 3676 modo
1067 3610 1249 3697 explicata,
1269 3614 1365 3695 plane

259 3707 386 3776 inutilis
408 3710 481 3777 est?

344 3844 416 3910 Hae
428 3845 631 3928 offensiones
640 3851 775 3928 propter
787 3864 868 3928 quas
883 3844 1030 3912 Schulini
1041 3844 1275 3928 interpretatio
1286 3843 1365 3910 mihi

261 3943 438 4022 probabilis
460 3964 524 4011 non
547 3945 692 4028 videtur,
728 3965 791 4011 non
814 3949 947 4011 exstant
980 3946 1012 4010 in
1045 3945 1103 4011 illa
1137 3944 1362 4027 explicatione,

344 4184 349 4210 ¹
370 4180 402 4232 el.
422 4180 439 4232 l.
457 4180 473 4232 l.
493 4195 517 4245 p.
540 4181 578 4231 13.
