3236 4924
846 399 886 459 20

318 592 403 660 vivis
426 593 503 660 filiis
524 593 675 677 genuinis
698 594 827 679 statuit,
851 615 888 662 eo
911 595 1055 679 oonsilio,
1080 601 1118 663 ut
1139 600 1208 664 tum
1234 597 1307 664 fieri
1332 617 1423 682 opor·

319 699 416 778 teret,
439 695 467 761 si
482 694 541 760 tilii
557 699 635 762 ante
649 697 857 778 pubertatem
872 697 993 765 mortui
1008 701 1128 780 essent,
1144 698 1177 763 id
1195 703 1304 764 ratum
1320 700 1423 766 esto.“

401 813 507 896 Hujus
529 817 638 879 autem
660 812 755 897 legis,
778 813 863 894 quod
885 813 1014 896 quidem
1035 814 1139 898 video,
1162 816 1250 881 nullo
1273 815 1336 882 alio
1353 816 1422 883 loco

320 911 444 977 mentio
466 912 514 986 fit,
537 917 685 979 attamen
707 914 785 979 mihi
806 913 938 1005 videtur
970 913 1058 979 nulla
1080 933 1179 980 causa
1201 921 1343 998 exstare,
1365 935 1424 982 cur

318 1013 521 1094 suppositam
543 1021 704 1096 putemus.
758 1016 841 1080 Nam
873 1015 1010 1098 primum
1044 1015 1173 1096 quidem
1205 1035 1340 1098 prorsus
1371 1037 1422 1083 re·

318 1114 458 1195 spondet
479 1115 590 1180 verbis
613 1115 771 1195 oratoris;
800 1119 869 1180 tum
892 1120 1002 1181 autem
1032 1115 1109 1197 quid
1136 1120 1187 1210 est
1214 1117 1321 1198 magis
1350 1135 1421 1183 con·

316 1219 508 1280 sentaneum
530 1235 626 1295 quam
649 1217 718 1297 hoc,
741 1221 879 1297 patrem,
902 1235 974 1281 oum
996 1218 1249 1297 exspectandum
1271 1217 1316 1283 sit
1338 1216 1421 1284 filios

317 1332 381 1378 non
404 1315 445 1379 ad
469 1335 540 1381 eam
563 1320 707 1381 aetatem
730 1321 948 1398 perventuros
970 1335 1056 1401 esse,
1080 1336 1144 1397 qua
1165 1317 1216 1382 sui
1238 1316 1318 1401 juris
1340 1317 1422 1384 fiunt

317 1420 351 1479 et
371 1413 435 1494 ipsi
457 1415 497 1480 de
520 1415 587 1480 suis
610 1414 810 1481 constituere
832 1421 985 1498 possunt,
1009 1435 1067 1482 suo
1096 1416 1235 1481 arbitrio
1262 1421 1420 1500 statuere,

316 1513 368 1578 oui
390 1519 505 1596 postea
527 1515 695 1581 hereditas
718 1515 894 1597 obtingat?
936 1516 1055 1582 Altera
1076 1520 1186 1582 autem
1207 1515 1266 1581 illa
1281 1517 1419 1600 ratione,

315 1632 412 1695 quam
434 1633 535 1696 supra
558 1615 706 1696 exposui,
730 1615 948 1697 Apollodorus
971 1635 1097 1698 quoque
1118 1617 1224 1699 legem
1253 1617 1418 1699 explicuit,

315 1715 459 1781 sednon
482 1721 561 1797 puto
584 1715 804 1798 legislatorem
828 1715 877 1781 ita
897 1715 1047 1799 intellegi
1070 1716 1220 1782 voluisse.

398 1997 462 2064 Sed
485 2003 522 2062 ut
544 2003 778 2064 testamentum
806 1998 931 2082 tacere,
958 1999 1008 2064 ita
1033 2018 1167 2064 urrerem
1194 1999 1250 2064 alii
1271 1999 1343 2065 viro
1365 2001 1418 2065 de·

314 2099 474 2181 spondero
508 2099 697 2164 Phormioni
732 2118 795 2164 non
831 2099 963 2166 licuisse
1002 2099 1166 2183 judicibus
1201 2100 1418 2183 Apollodorus

312 2198 512 2280 persuadere
534 2200 655 2266 studet,
712 2198 804 2282 Quod
837 2207 874 2266 ut
908 2201 1119 2282 demonstret,
1153 2202 1294 2267 scribam
1323 2203 1418 2285 jubet

312 2297 423 2381 legere
457 2300 567 2383 νόμους
593 2299 663 2384 παρ’
692 2301 736 2363 ὧν
763 2301 917 2364 κελεύουσι
933 2302 998 2377 ’τὰς
1022 2301 1128 2382 ἐγγύας
1152 2299 1317 2382 praesidium
1347 2307 1417 2367 tum

313 2400 462 2482 sequitur
483 2401 517 2466 in
539 2401 703 2467 codicibus
726 2403 807 2467 haec
829 2401 965 2467 formula
988 2400 1021 2466 in
1044 2399 1063 2485 ξ
1085 2402 1141 2465 24:

433 2513 483 2581 “Ha
505 2519 542 2582 ἂν
572 2519 698 2606 ἐγγυήσῃ
728 2519 775 2581 ἐπὶ
804 2517 927 2594 δικαίοις
953 2519 1093 2602 δάμαρτα
1121 2517 1196 2582 εἶναι
1224 2517 1243 2604 ἢ
1272 2518 1414 2607 adripi]

436 2619 569 2704 ἀδελφὸς
587 2620 753 2703 ὁμοπάτωρ
775 2617 793 2704 ἢ
816 2619 938 2693 πάππος
957 2621 973 2679 d
996 2621 1074 2700 πρὸς
1095 2618 1224 2702 πατρός,
1253 2618 1285 2681 ἐκ
1308 2621 1418 2706 ταύτης

436 2717 511 2781 εἶναι
533 2719 643 2794 παῖδας
662 2717 804 2804 γνησίους.
829 2718 881 2780 ἐὰν
904 2718 938 2780 δὲ
957 2717 1065 2804 μηδεὶς
1093 2710 1112 2804 ᾗ
1136 2719 1259 2792 τούτων,
1285 2719 1338 2782 ἐὰν
1356 2719 1415 2803 μὲν

437 2817 597 2904 ἐπίκληρός
618 2841 661 2892 τις
673 2809 702 2903 ᾗ,
727 2819 776 2880 τὸν
798 2818 902 2901 κύριον
925 2814 1021 2901 ἔχειν,
1044 2817 1096 2900 ἐὰν
1118 2817 1153 2880 ὂὲ
1173 2819 1217 2904 μὴ
1239 2810 1268 2904 ᾗ,
1291 2819 1355 2902 ὅτῳ
1378 2819 1415 2882 ἄν

436 2916 592 3004 ἐπιτρέψῃ,
616 2921 721 2980 τοῦτον
743 2917 847 3001 κύριον
869 2916 951 2979 εἶναι.

393 3066 490 3150 Cujus
512 3065 596 3148 legis
619 3066 703 3146 quod
725 3065 770 3130 sit
792 3069 1021 3148 argumentum
1044 3075 1078 3130 et
1099 3068 1256 3146 quomodo
1279 3067 1411 3150 singula

308 3167 411 3232 verba
440 3165 633 3247 posterioris
660 3165 766 3248 partis
793 3165 1016 3248 intellegenda
1043 3166 1123 3248 sint,
1158 3167 1299 3231 maxima
1325 3167 1413 3234 inter

307 3266 397 3331 viros
410 3267 522 3332 doctos
535 3270 586 3331 est
598 3266 766 3331 dissensio.
800 3265 954 3331 Reiskius
967 3267 1105 3348 quidem,
1121 3287 1214 3348 quem
1227 3267 1409 3334 Heffterus¹

307 3373 439 3432 secutus
470 3373 534 3447 est,
562 3366 694 3431 rettulit
722 3367 825 3431 verba
851 3367 903 3428 ἐὰν
925 3367 959 3430 δὲ
979 3368 1023 3454 μὴ
1045 3359 1067 3453 ᾖ
1089 3367 1130 3430 ad
1153 3368 1271 3451 κύριον,
1298 3369 1347 3433 ita
1375 3374 1412 3433 ut

307 3468 390 3532 haec
413 3472 501 3532 esset
523 3469 696 3531 verborum
719 3466 901 3531 sententia:
946 3466 995 3548 „si
1017 3485 1082 3547 qua
1103 3467 1219 3532 mulier
1241 3475 1293 3533 est
1315 3471 1410 3534 heres

306 3568 462 3632 bonorum
486 3567 557 3648 (seu
579 3572 711 3648 apatrc
733 3586 790 3632 seu
812 3569 957 3648 aprione
972 3567 1091 3632 marito
1107 3567 1318 3651 relictorum),
1342 3576 1410 3634 tum

306 3668 427 3733 habeto
451 3685 521 3732 eam
543 3686 677 3732 aurorem
699 3666 745 3748 ia,
769 3666 823 3748 qui
845 3687 865 3732 a
888 3667 1041 3733 defuncto
1064 3668 1225 3750 sanguine
1245 3668 1410 3750 proximus

306 3771 358 3832 est
380 3767 525 3851 trupcogl:
549 3766 599 3832 sin
622 3773 730 3832 autem
755 3767 861 3832 trullus
884 3767 1107 3851 adsumptae,
1136 3786 1156 3832 a
1181 3768 1309 3851 legibus
1338 3788 1410 3834 con·

305 3867 444 3933 stitutus
465 3868 622 3932 bonorum
645 3867 757 3948 nerea,
780 3871 847 3930 tum
871 3865 899 3930 is
921 3872 992 3932 esto
1014 3867 1130 3951 κύριος,
1164 3869 1214 3932 cui
1247 3868 1304 3934 illa
1337 3888 1410 3936 sese

305 3966 523 4049 permiserit.“
577 3967 641 4032 Sed
672 3965 810 4047 primum
850 3966 978 4048 quidem
1015 3967 1049 4031 in
1078 3967 1141 4032 hac
1167 3968 1319 4034 versione
1345 3987 1410 4034 vox

304 4069 408 4152 κύριος
428 4067 569 4134 diversis
591 4067 694 4132 modis
716 4065 914 4152 explicatur,
937 4087 1001 4149 qua
1022 4087 1059 4133 re
1081 4072 1153 4134 tota
1175 4067 1409 4150 interpretatio

388 4239 396 4265 ¹
415 4234 447 4290 oi.
466 4234 483 4288 l.
501 4234 520 4288 l.
538 4251 563 4306 p.
582 4235 622 4288 74.
