3236 4924
791 317 808 374 5

247 511 322 576 mihi
338 531 373 576 eo
389 510 491 593 magis
506 512 586 576 mira
607 511 742 590 videtur,
769 513 851 591 quod
868 512 992 577 omnino
1013 532 1076 578 nou
1095 518 1205 593 aperte
1227 513 1351 578 demon·

247 617 382 676 stratum
406 617 455 676 est
482 613 541 676 has
561 611 714 677 formulas
737 630 806 676 esse
839 612 1027 693 suppositas.
1084 614 1352 680 Westennannus

247 711 370 792 (pridem
386 712 419 776 in
434 713 697 778 commentatione
713 713 795 794 illa,¹
806 733 868 792 qua
883 733 1096 795 quaecumque
1110 715 1193 795 apud
1208 720 1351 780 oratores

246 813 361 877 atticos
385 818 514 877 exstant
534 813 601 878 litis
623 813 853 894 instrumenta,
876 815 1034 878 adunam
1057 815 1161 880 omnia
1184 815 1351 880 subditicio

246 913 381 993 probare
403 913 561 993 studebat,
584 913 616 977 iu
639 914 749 977 narium
774 933 895 992 otioque
925 914 1101 979 orationum
1125 915 1278 980 formulas
1305 915 1350 980 in·

245 1017 356 1077 vectus
379 1019 443 1092 est3
477 1013 532 1076 sed
561 1031 631 1077 oum
664 1012 850 1094 sententiae,
885 1033 964 1092 1113
996 1013 1047 1079 vir
1078 1015 1278 1080 doctissimus
1311 1015 1350 1080 de

245 1111 388 1178 formulis
411 1112 545 1177 aliarum
567 1113 744 1177 orationum
766 1113 908 1194 protulit,
931 1115 971 1178 ab
994 1114 1088 1178 aliis²
1108 1116 1254 1197 repulsae
1275 1115 1349 1197 sint,

246 1230 414 1276 caveamus
436 1232 476 1276 ne
498 1217 616 1277 temere
637 1212 669 1277 iu
685 1214 784 1278 verba
802 1212 948 1295 magistri
965 1214 1116 1296 juremus,
1160 1216 1212 1280 De
1225 1215 1350 1298 legibus

246 1316 352 1376 autem
384 1312 512 1377 insertis
542 1313 609 1396 jam
636 1333 656 1377 a
682 1313 790 1378 multis
812 1312 890 1378 viris
922 1313 1023 1378 doctis
1056 1314 1261 1396 disputatum,
1294 1316 1350 1380 sed

245 1413 404 1478 intereos
427 1432 575 1495 magnam
598 1432 667 1478 esse
689 1413 916 1478 dissensionem
938 1414 1038 1479 video.
1092 1414 1184 1497 Quae
1211 1415 1349 1480 comita

246 1517 361 1595 essent,
384 1513 460 1579 mihi
482 1533 595 1594 operae
617 1514 752 1595 pretium
774 1515 877 1580 visum
900 1519 949 1580 est
970 1516 1010 1580 de
1030 1517 1142 1580 harum
1160 1515 1349 1580 orationum

246 1613 389 1680 formulis
412 1615 512 1680 denuo
535 1616 749 1695 quaestionem
772 1615 949 1680 inst'tuere.

329 1731 391 1797 Sed
420 1731 603 1816 priusquam
633 1732 674 1797 ad
702 1751 768 1797 rem
796 1733 899 1813 ipsam
927 1733 1129 1814 accedamus,
1157 1733 1190 1798 id
1218 1751 1349 1798 comme·

245 1849 368 1896 morare
388 1831 484 1898 velim
506 1831 590 1897 inter
612 1852 719 1898 omnes
741 1833 826 1898 viros
849 1833 981 1898 doctos³
1006 1837 1153 1898 constare
1173 1834 1247 1899 illas
1269 1833 1348 1898 diras

245 1930 412 2013 orationes,
449 1951 530 2012 quae
560 1933 656 2015 vulgo
690 1935 748 1998 sub
780 1933 1006 1999 Demosthenis
1038 1934 1163 1999 nomine
1194 1933 1347 2014 feruntur,

244 2051 443 2112 nequaquam
466 2033 508 2097 ab
530 2034 589 2098 hoc
611 2053 731 2099 summo
759 2038 885 2098 oratore
913 2038 1050 2120 scriptas
1079 2053 1157 2100 esse.
1213 2033 1276 2099 Sed
1308 2052 1347 2098 ex

244 2132 305 2196 hac
338 2150 375 2196 re
406 2151 469 2197 una
502 2133 687 2198 concludere
718 2154 779 2201 non
811 2134 887 2199 licet
919 2135 1071 2200 formulas
1104 2153 1234 2216 quoque,
1268 2152 1349 2213 quae

246 2231 443 2297 orationibus
458 2232 599 2298 insertae
614 2241 697 2312 sunt,
721 2236 900 2317 suppositas
915 2255 993 2327 esse,
1008 2236 1102 2300 immo
1117 2234 1150 2299 id
1164 2234 1211 2298 ita
1224 2233 1348 2298 demum

246 2331 449 2396 statuendum
480 2341 574 2414 esset,
604 2335 631 2399 si
658 2335 868 2401 demonstrari
896 2345 1004 2418 posset
1032 2335 1190 2402 orationes
1223 2333 1347 2400 omnino

247 2450 310 2496 non
344 2431 473 2497 habitas
505 2432 537 2498 in
566 2434 693 2516 judicio,
728 2436 782 2500 sed
810 2436 908 2501 multo
934 2440 1007 2517 post
1033 2455 1053 2500 1
1083 2436 1210 2500 rhetore
1241 2433 1347 2514 aliquo

247 2530 483 2596 exercitationis
513 2552 610 2599 causa
640 2535 775 2616 scriptas
806 2555 883 2600 esse.
928 2535 1008 2601 Oum
1037 2541 1144 2600 antem
1172 2537 1251 2600 haec
1277 2553 1346 2600 sen·

141 2715 146 2720 .
246 2632 347 2698 tentia
379 2653 399 2698 a
431 2635 517 2700 nullo
549 2636 675 2717 prolata
708 2635 751 2702 sit
759 2673 768 2716 ‚·
800 2639 855 2701 sed
885 2656 992 2702 omnes
1024 2637 1085 2701 viri
1118 2636 1202 2702 docti
1234 2640 1346 2717 putent

246 2733 404 2799 orationes
427 2733 530 2801 sinon
546 2738 800 2817 aDemostheue,
823 2743 930 2802 tamen
946 2738 987 2802 ab
1002 2736 1064 2802 alio
1080 2743 1206 2803 oratore
1220 2737 1346 2816 aequali

245 2835 380 2915 scriptas
404 2855 473 2901 esse
495 2842 528 2901 et
556 2838 597 2902 ad
619 2857 713 2903 ueras
746 2857 859 2903 carmes
892 2836 1059 2919 pertinere,
1093 2837 1276 2918 quiaestione
1307 2838 1346 2902 de

244 2934 364 3016 origine
386 2935 562 3000 orationum
583 2937 730 3018 neglecta
755 2956 838 3002 nunc
867 2937 909 3002 ad
934 2937 1087 3002 formidas
1115 2937 1203 3018 ipsas
1230 2935 1346 3002 exami-

243 3034 366 3098 nandas
388 3035 618 3116 aggrediamur.

332 3203 338 3230 ¹
357 3199 456 3254 Exstat
473 3200 502 3254 in
519 3201 587 3255 actis
605 3217 657 3254 soc.
675 3200 747 3267 Lips.
766 3203 818 3255 vol.
836 3201 858 3254 I.
876 3219 901 3268 p.
922 3204 934 3255 1
954 3219 992 3268 sq.

330 3285 391 3338 'ct
418 3284 602 3338 Wachlioltzii
631 3285 735 3338 dissert.
766 3286 798 3338 de
825 3284 882 3338 litis
911 3285 1099 3338 instrumentis
1125 3286 1154 3339 in
1177 3287 1251 3340 Dein.
1276 3304 1344 3354 quae

244 3371 331 3422 fertur
350 3368 473 3422 oratione
490 3368 519 3421 in
531 3368 713 3422 Macartatum
725 3368 814 3421 Kiliae
834 3369 905 3423 1878.
925 3368 1102 3423 etKirohneri
1120 3369 1343 3425 dissertationem.

327 3455 337 3484 ³
355 3453 388 3506 cf.
406 3452 492 3518 Blass,
512 3452 544 3504 dc
562 3458 629 3504 orat.
644 3456 694 3505 att.
706 3451 759 3504 vol.
772 3452 824 3505 ΙΙΙ.
837 3456 907 3519 part.
922 3455 933 3505 1
947 3469 972 3519 p.
984 3453 1034 3506 475
1047 3458 1075 3506 et
1086 3453 1148 3517 4803
1162 3458 1196 3508 et
1211 3455 1343 3522 Schaefer,

243 3537 275 3590 de
292 3536 431 3589 Demosth.
450 3536 561 3603 ejusque
579 3535 736 3602 aequalibus
755 3535 808 3588 vol.
827 3536 879 3589 ΙΙΙ,
897 3542 966 3603 part.
984 3537 1000 3588 2
1017 3552 1042 3603 p.
1063 3537 1109 3592 177
1128 3553 1165 3604 sq.

643 3741 942 3750 ..Μ
