3236 4924
836 345 856 403 4

300 537 436 604 editione
457 538 620 605 exstitisse
641 545 752 621 aperte
773 541 879 606 docuit
901 540 1094 622 Christius,¹
1114 540 1162 605 ita
1193 542 1301 607 multis
1328 543 1400 607 aliis

298 639 386 719 locis,
408 659 486 720 quos
508 643 700 706 tamennon
718 641 787 724 jam
812 642 1008 724 investigare
1039 661 1220 724 possumne,
1248 642 1401 708 formulas

298 759 338 805 ex
366 739 597 821 antiquioribus
627 742 815 808 editionibus
847 743 880 808 in
911 762 1013 809 novas
1046 743 1212 808 transiisse
1244 743 1399 810 existimo.

298 840 421 906 Contra
442 841 668 922 posterioribus
690 843 883 924 temporibus
905 842 1122 925 grammaticis
1156 848 1189 908 et
1209 843 1399 926 rhetoribus,

228 955 231 960 ·
298 939 351 1019 qui
371 941 530 1006 nonnullis
553 943 729 1008 orationum
752 949 933 1008 nostrarum
954 942 987 1007 in
1010 942 1289 1009 exercitationibus
1313 946 1400 1010 scho-

297 1040 399 1106 larum
420 1043 601 1121 utebantur,
624 1045 666 1107 ad
687 1062 738 1108 res
759 1043 968 1108 illustrandas
996 1042 1108 1109 melius
1136 1063 1206 1109 esse
1232 1044 1401 1110 videbatur

296 1140 449 1206 formulas
478 1162 573 1224 quam
602 1143 754 1225 plm’imas
785 1144 819 1208 in
852 1143 942 1208 libris
975 1152 1111 1210 exstare.
1160 1145 1268 1228 Quare
1290 1145 1398 1210 multis

296 1240 389 1324 locis,
423 1241 534 1322 quibus
570 1243 726 1325 genuinae
761 1243 916 1308 formulae
949 1244 1150 1326 exciderant,
1183 1251 1241 1310 ant
1272 1246 1311 1311 de
1343 1266 1399 1312 suo

296 1340 465 1423 finxerunt,
477 1343 584 1408 verbis
606 1344 741 1409 oratoris
757 1344 808 1409 vel
830 1344 969 1408 sortasse
983 1345 1067 1409 notis
1083 1345 1323 1411 scholiastarum
1341 1348 1398 1428 usi,

258 1499 261 1503 .
296 1446 353 1506 aut
384 1442 438 1507 ubi
470 1443 633 1524 formulas,
665 1443 863 1523 maximeque
895 1444 982 1526 leges
1013 1448 1110 1524 atque
1141 1446 1282 1527 decreta,
1315 1448 1399 1528 apud

295 1543 425 1624 priores
438 1543 617 1625 scriptores
640 1544 693 1624 qui
715 1563 769 1609 eas
792 1545 995 1627 collegerant,
1027 1551 1064 1610 ut
1089 1547 1172 1626 apud
1206 1546 1399 1630 Craterunr,²

295 1643 383 1726 cujus
404 1643 485 1708 liber
506 1647 659 1731 συναγωγὴ
685 1645 885 1731 ψηφισμάτων
918 1644 1042 1725 saepius
1071 1646 1112 1709 ab
1142 1647 1398 1727 Harpocratione

295 1747 391 1823 atque
413 1743 574 1824 Stephano
597 1743 779 1825 Byzantino
800 1743 996 1826 nominatur,
1020 1747 1166 1810 servatas
1188 1745 1397 1828 reperiebant,

297 1844 372 1909 inde
392 1843 426 1909 in
448 1843 606 1909 orationes
628 1844 872 1913 transtulerunt.

376 1962 469 2026 Inter
499 1961 652 2026 formulas
678 1960 776 2044 igitm·
802 1981 884 2027 nunc
916 1961 949 2028 in
982 1963 1139 2028 codicibus
1174 1963 1397 2045 manuscriptis

295 2064 460 2125 exstantes
481 2061 545 2126 tria
566 2061 772 2127 discernenda
805 2067 880 2127 sunt
900 2082 1034 2146 genera,
1056 2082 1152 2128 unum
1181 2063 1304 2143 quudem
1336 2063 1397 2129 for·

294 2160 459 2243 mularum,
494 2180 575 2241 quae
603 2161 760 2243 genuinae
791 2168 823 2227 et
851 2163 915 2245 jam
946 2157 986 2228 ab
1020 2169 1146 2228 oratore
1170 2163 1238 2244 ipso
1267 2164 1396 2229 additae

294 2265 378 2343 sunt,
400 2262 536 2327 alterum
558 2282 681 2344 earum,
715 2282 796 2343 quae
818 2282 857 2328 ex
880 2264 1037 2329 tabulario
1066 2263 1191 2345 publico
1219 2265 1397 2330 translatae

293 2361 450 2443 genuinae
477 2363 601 2442 quidem
631 2367 719 2445 suut,
747 2365 803 2428 sed
829 2382 867 2428 ex
895 2369 987 2445 parte
1018 2365 1059 2428 ab
1089 2363 1134 2428 eis
1162 2363 1255 2446 locis,
1284 2363 1396 2444 quibus

292 2462 432 2527 insertae
446 2466 530 2544 sunt,
552 2462 686 2543 alienae,
702 2463 830 2528 tertium
847 2483 963 2543 earum,
987 2482 1068 2544 quae
1082 2452 1257 2545 posteriore
1272 2464 1395 2528 demum

292 2568 433 2644 tempore
461 2563 557 2628 fictae
578 2567 662 2627 sunt.
705 2561 845 2646 Quorum
871 2582 1021 2646 generum
1048 2563 1136 2646 cujus
1164 2582 1306 2643 quaeque
1334 2563 1395 2629 for·

292 2663 378 2727 mula
412 2663 463 2743 sit,
500 2661 674 2745 dijudicare
706 2682 768 2727 non
800 2682 981 2746 possumne,
1015 2663 1076 2728 nisi
1109 2667 1330 2746 argumentum
1362 2668 1395 2728 et

292 2781 467 2828 sermonem
503 2762 741 2828 acornatissime
774 2763 1007 2845 examinamuS,
1039 2782 1141 2844 neque
1173 2763 1200 2828 si
1232 2764 1272 2828 de
1306 2763 1396 2829 unius

292 2863 424 2946 ahquus
456 2863 518 2928 fide
550 2863 676 2927 dubium
710 2863 767 2944 sit,
801 2865 840 2928 de
872 2864 975 2928 altera
1007 2864 1081 2928 inde
1113 2863 1283 2944 quidquam
1311 2863 1395 2929 colli·

291 2982 368 3045 gere
388 2963 488 3029 licet³

375 3081 463 3146 luter
485 3099 539 3145 eas
561 3079 729 3162 orationes
762 3079 795 3144 in
818 3079 929 3160 mribus
951 3080 1018 3145 litis
1039 3080 1253 3146 instrumenta
1273 3079 1395 3147 inserta

291 3184 431 3262 exstant,
453 3180 653 3262 reperirmtur
670 3180 828 3246 orationes
844 3181 997 3246 adversus
1011 3181 1172 3247 Neaeram
1195 3185 1227 3245 et
1241 3181 1395 3247 adversus

291 3279 486 3361 Stephanum
523 3281 694 3362 posterior,
737 3299 869 3361 quarum
901 3286 1008 3346 tamen
1040 3281 1193 3346 formulas
1223 3300 1330 3346 omnes
1361 3281 1395 3346 in

290 3379 448 3460 plerisque
470 3379 658 3445 editionibus
689 3380 777 3445 uncis
805 3378 944 3446 inclusas
977 3399 1047 3445 esse
1067 3379 1168 3447 video.
1221 3380 1312 3465 Quae
1343 3401 1394 3446 res

376 3601 384 3628 ¹
402 3597 436 3651 cf.
455 3596 565 3651 Christii
584 3603 754 3652 commentat.
773 3598 804 3651 de
815 3598 955 3651 Atticiana
973 3598 1165 3652 Demosthenis
1183 3598 1307 3665 editione,
1326 3614 1394 3664 quae

291 3686 382 3735 exstat
398 3681 428 3736 in
445 3680 514 3735 actis
532 3682 604 3734 acad.
622 3683 720 3734 Bavar.
739 3697 762 3734 a.
783 3682 848 3736 1882
866 3683 897 3734 el.
916 3682 939 3736 I.
957 3683 1009 3735 vol,
1028 3685 1067 3736 16.

374 3767 384 3796 ¹
401 3763 481 3818 Alios
499 3765 629 3832 ejusmodi
641 3764 723 3818 libros
736 3770 876 3818 enumerat
888 3764 1038 3832 SchulinuS,
1057 3764 1220 3833 comparatio
1237 3764 1394 3819 testamenti

290 3847 379 3916 graeci
399 3858 427 3902 et
443 3847 554 3901 romani.
573 3847 698 3901 Basileae
717 3848 781 3902 1882
798 3863 823 3914 p.
841 3849 865 3900 4.

373 3933 383 3963 ³
399 3931 441 3984 Dr
459 3935 519 3983 tota
537 3930 616 3998 hujus
635 3929 801 3996 quaestionis
819 3929 933 3983 historia
950 3930 1058 3984 uberius
1082 3929 1210 3984 disseruit
1228 3930 1397 4002 Kirchnerus

289 4014 316 4068 in
334 4013 502 4081 praefatione
521 4012 718 4067 dissertationis
737 4028 814 4067 suae:
850 4013 882 4066 de
901 4012 958 4066 litis
976 4012 1176 4080 instrumentis,
1196 4029 1264 4082 quae
1283 4019 1393 4067 exstant

288 4097 316 4151 in
334 4096 524 4150 Demosthenis
543 4113 611 4162 quae
629 4097 717 4150 fertur
730 4096 762 4149 in
780 4096 917 4149 Lacritum
935 4101 964 4149 ct
981 4096 1068 4163 priore
1087 4097 1216 4149 adversus
1228 4098 1391 4163 Stephanum

289 4181 461 4235 orationibus.
496 4180 574 4233 Halis
593 4181 727 4234 Saxonum
745 4180 816 4233 1888.
