3236 4924
895 409 934 478 16

447 615 483 679 In
528 618 674 680 extrema
727 620 824 696 parte
866 615 951 698 legis
994 615 1065 681 luce
1114 615 1235 682 elarius
1278 623 1330 682 est
1366 619 1467 684 verba

366 714 479 777 τούτων
503 738 554 778 roo
577 715 762 798 παρανόμων
790 734 862 780 esse
893 720 1058 799 corrupta,
1087 735 1155 781 oum
1184 735 1256 799 ree,
1279 736 1362 798 quae
1390 724 1467 786 ante

364 821 633 880 commemoratae
655 819 741 897 sunt,
764 814 894 881 minime
916 815 1044 896 possint
1063 816 1175 882 uocari
1196 816 1326 899 legibus
1350 837 1466 902 repug-

363 920 490 981 nantes
546 913 655 997 Quare
689 915 864 980 Reiskius¹
895 914 1076 981 mutatione
1108 915 1258 981 adhibita
1289 918 1423 998 scripsit
1448 918 1466 1004 ἢ

363 1015 421 1077 ὑπὸ
446 1019 504 1078 τῶν
529 1039 580 1079 roo
603 1017 806 1100 repertorum
829 1015 886 1081 sed
908 1014 987 1080 mihi
1009 1015 1136 1097 quidem
1159 1036 1263 1097 neque
1286 1019 1380 1101 hujus
1403 1019 1466 1084 viri

363 1114 541 1181 doctissimi
574 1115 810 1199 interpretatio
844 1135 948 1196 ireque
974 1106 1120 1197 Beersiijn
1147 1116 1202 1197 qui
1227 1117 1313 1183 illius
1345 1121 1466 1204 eonJ‘ec·

364 1221 476 1280 turam
509 1217 674 1299 probavit,
709 1216 885 1298 explicatio
908 1217 1026 1298 placet.
1079 1217 1201 1281 Contra
1234 1217 1312 1283 mihi
1333 1219 1465 1285 videtur

363 1316 581 1396 praeferenda
603 1337 674 1382 esse
696 1318 835 1382 mutatio
848 1316 1085 1400 Wesselingii‚³
1107 1317 1160 1398 qui
1183 1318 1464 1402 0111111111310113,1

362 1415 478 1496 quibus
501 1421 650 1482 oratores
672 1417 758 1482 hane
778 1417 884 1500 legem
907 1417 1058 1500 laudant,
1094 1416 1262 1500 legeretur
1293 1424 1464 1503 παρανοῶν,
1483 1499 1486 1506 ,

360 1516 446 1581 hano
467 1534 577 1582 vocem
601 1521 714 1582 nostro
737 1535 863 1598 quoque
885 1516 955 1582 loeo
977 1517 1136 1583 restituit.

442 1635 513 1700 Iam
537 1635 719 1717 scriptura,
751 1654 847 1716 quam
870 1637 911 1701 ab
933 1635 1027 1701 initio
1049 1634 1151 1702 fuisse
1173 1641 1340 1720 putamus,
1369 1636 1464 1703 resti-

360 1739 434 1802 tuta
450 1741 657 1802 transeamus
680 1737 722 1801 ad
744 1737 884 1800 alteram
905 1735 994 1800 illam
1009 1735 1243 1820 quaestionem,
1260 1756 1356 1816 quam
1371 1736 1463 1802 nobis

360 1835 601 1919 proposuimus3
624 1836 795 1918 quaeritur
818 1835 902 1901 enim
924 1840 1034 1901 utrum
1064 1836 1119 1901 lex
1141 1836 1253 1901 eadem
1278 1837 1337 1913 sit,
1368 1855 1464 1916 quam

361 1941 475 2002 orator
497 1936 671 2020 injudicio
694 1957 714 2002 a
745 1936 853 2002 scriba
880 1936 949 2020 legi
975 1937 1126 2019 jusserit,
1160 1954 1202 2001 an
1235 1940 1308 2003 tota
1339 1937 1390 2003 lex
1411 1939 1463 2003 vel

361 2055 440 2117 pars
461 2036 546 2120 legis
561 2036 732 2118 supposita
747 2035 799 2101 sit.
844 2039 952 2118 Atque
963 2039 1030 2121 jam
1046 2036 1200 2102 Reiskius
1215 2036 1348 2119 putavit
1362 2038 1463 2103 verta

359 2137 439 2200 ὥστε
462 2134 531 2223 μήτ’
555 2138 691 2200 ἀπειπεῖν
715 2134 785 2223 μήτ’
812 2137 1039 2202 ἐπιδικάσασθαι
1071 2157 1135 2202 non
1160 2137 1193 2202 in
1220 2137 1363 2221 genuina
1388 2140 1462 2221 lege

359 2236 475 2320 fuisse,
500 2237 558 2302 sed
580 2237 654 2318 ipsa
668 2237 826 2302 voeabula
848 2237 927 2301 ὥστε
949 2237 1130 2320 significari
1154 2238 1417 2318 consequentiam
1444 2257 1462 2302 e

357 2336 431 2421 lege
453 2338 584 2404 ductam
608 2342 640 2403 et
663 2342 778 2420 postea
800 2338 926 2404 demum
949 2338 1104 2405 additam.
1149 2341 1195 2403 At
1217 2357 1318 2420 supra
1334 2339 1462 2404 demon·
1517 2409 1518 2414 ἵ

358 2444 468 2505 strare
490 2438 671 2504 studuimus
699 2457 811 2505 vocem
834 2439 913 2502 ὥστε
935 2438 1064 2504 minime
1087 2438 1166 2504 serri
1189 2457 1299 2521 posse,
1328 2443 1362 2505 et
1390 2457 1462 2503 oon·

354 2539 491 2623 jecimus
513 2539 718 2606 scribendum
742 2558 814 2604 esse
847 2539 892 2615 οἷς
912 2538 955 2626 ἦν,
988 2540 1045 2604 sed
1073 2539 1171 2605 etiam
1199 2540 1262 2604 hae
1282 2537 1462 2604 mutatione

357 2640 499 2720 probata
518 2646 627 2704 tamen
643 2639 758 2721 quaeri
772 2639 887 2721 possit,
902 2640 1046 2705 verbane
1062 2644 1178 2721 postea
1193 2639 1320 2704 demum
1335 2637 1462 2703 inserta

357 2738 442 2822 siut,
465 2738 662 2822 praesertim
685 2759 756 2804 eum
777 2739 810 2805 in
833 2739 982 2805 oratione
1004 2740 1162 2806 adversus
1188 2739 1405 2819 Leocharem,
1427 2738 1461 2802 in

357 2857 422 2918 que
444 2839 540 2924 hujus
562 2839 644 2923 legis
667 2838 787 2904 mentio
808 2838 858 2922 fit,
879 2841 982 2904 verba
1002 2859 1066 2904 non
1089 2843 1230 2905 exstent.

440 2959 471 3022 A
493 2977 555 3039 quo
578 2965 687 3023 autem
710 2963 861 3040 putemus
876 2961 980 3024 verba
995 2957 1109 3023 addita
1124 2956 1220 3022 esse?
1264 2955 1460 3023 Oratoribus

356 3057 445 3140 ipsis,
469 3077 540 3124 cum
561 3059 669 3142 legem
690 3058 820 3125 laudari
829 3060 993 3143 juberent,
1009 3077 1087 3124 sane
1108 3057 1200 3123 licuit
1215 3077 1254 3123 ea
1270 3060 1459 3139 praecepta,

356 3177 439 3238 quae
461 3160 504 3225 ad
529 3177 598 3225 rem
627 3179 691 3225 non
720 3160 946 3243 pertinebant,
980 3157 1145 3241 omittere,
1179 3160 1236 3224 sed
1269 3177 1333 3223 non
1366 3155 1460 3222 licuit

301 3247 303 3250 ’
355 3258 530 3340 quidquam
552 3264 611 3325 aut
632 3265 761 3326 mutare
783 3268 842 3326 aut
863 3260 1098 3342 interponere⁵
1141 3259 1205 3325 Sed
1219 3262 1258 3324 ut
1271 3258 1332 3322 hoc
1347 3256 1457 3322 faeere

355 3359 493 3443 licuerit,
503 3379 587 3441 quae
600 3367 673 3426 erat
685 3381 794 3443 causa,
808 3381 865 3426 our
877 3366 990 3426 orator
1002 3361 1087 3426 hano
1098 3359 1228 3425 minime
1239 3356 1458 3424 neeessariam

355 3588 398 3640 καὶ
417 3589 459 3640 τὸν
477 3589 547 3641 οἶκον
564 3591 724 3653 καταμένειν.
768 3586 844 3652 Quod
869 3591 961 3641 autem
987 3585 1185 3640 Sohoemannus
1211 3583 1243 3636 de
1269 3582 1319 3636 hoo
1345 3582 1404 3636 loeo
1430 3586 1459 3634 et

355 3673 449 3723 eontra
467 3669 630 3724 sententiam
649 3685 731 3739 supra
747 3669 882 3737 prolatam
904 3668 1000 3724 attulit
1022 3668 1051 3720 in
1069 3667 1157 3720 annal.
1181 3666 1269 3720 Berol.
1289 3667 1355 3720 1828
1371 3664 1424 3718 vol.
1443 3665 1458 3717 2

353 3770 377 3820 p.
397 3755 448 3807 342
466 3769 513 3821 sq.‚
531 3753 582 3807 hoo
598 3752 665 3806 mihi
682 3769 736 3808 non
753 3753 895 3821 persuasit.

440 3841 445 3868 ¹
465 3836 498 3890 cf.
518 3835 557 3889 ed.
575 3834 680 3889 Reiskii
702 3851 726 3889 a.
746 3837 818 3890 1770.

436 3923 446 3951 ¹
463 3919 498 3973 os.
507 3918 594 3984 BeeIS,
607 3917 721 3972 diatriba
730 3917 758 3971 in
767 3918 905 3972 Demosth.
916 3918 1053 3972 orationes
1063 3916 1090 3970 in
1101 3916 1266 3984 Stephanum
1276 3931 1300 3968 a.
1312 3915 1375 3970 1825
1386 3915 1457 3981 pot).

434 4005 444 4034 ⁸
463 4003 496 4056 of.
515 4001 678 4069 Wesseling,
700 4002 734 4055 ad
751 4000 837 4055 Petiti
855 4001 920 4069 Leg.
939 4009 989 4054 att.
1008 4018 1033 4068 p.
1051 4001 1101 4054 580
1119 4000 1179 4053 adn.
1198 4000 1221 4052 2.

436 4085 499 4138 ‘ot
517 4083 589 4138 isaei
609 4086 702 4138 oratii
722 4085 738 4151 ξ
756 4087 778 4152 9,
797 4085 892 4138 orati
909 4085 924 4150 ἓ
943 4087 983 4152 15,
1003 4086 1035 4137 18
1053 4083 1161 4151 (sequor
1183 4098 1308 4136 numeros
1331 4081 1457 4136 editionis

352 4168 526 4224 Sohoemanni
544 4166 630 4235 1831).

436 4251 497 4304 ‘ot
516 4250 633 4317 Bunsen,
654 4250 671 4303 l.
690 4250 706 4304 1.
725 4267 750 4318 p.
769 4252 802 4305 56
820 4251 879 4304 adn.
900 4253 938 4305 12.
