3236 4924
814 360 853 420 50

285 559 337 622 est
358 555 560 638 Stephanum
583 562 682 623 antea
704 555 834 639 saepius
856 555 1020 636 Epaeneti
1043 559 1077 621 et
1100 556 1235 622 Phanas
1258 575 1390 625 consue-

289 657 436 722 tudinem
458 657 655 740 permisisse,
678 661 715 722 ut
737 657 791 723 hio
813 676 850 722 eo
873 657 1019 723 securior
1040 656 1144 722 fieret.

369 755 514 822 Gravior
536 761 646 822 autem
668 761 720 823 est
741 758 849 822 altera
871 755 1116 821 Westermanni
1138 755 1282 838 offensio,
1306 777 1389 838 quae

285 857 318 923 in
334 875 371 922 eo
387 862 447 939 est,
470 857 555 939 quod
576 857 770 939 posterioris
786 857 892 940 partis
914 856 1076 939 pactionis
1098 859 1139 922 ab
1155 862 1287 922 oratore
1301 860 1391 924 nulla

285 956 324 1022 fit
344 956 465 1022 mentio
488 963 587 1038 atque
609 963 776 1040 postrema
798 957 943 1023 condicio
971 956 1070 1022 etiam
1091 964 1259 1040 repugnat
1279 961 1390 1023 verbis

286 1058 330 1132 εἷς
342 1054 466 1120 ἔκδοσιν,
510 1057 570 1122 Cui
585 1057 758 1139 posteriori
776 1056 945 1122 offensioni
961 1075 1153 1136 quamquam
1176 1057 1260 1122 obici
1280 1065 1391 1139 potest

285 1175 350 1220 non
369 1156 519 1239 intellegi
541 1157 727 1238 conubium,
762 1158 847 1238 quod
868 1156 963 1222 brevi
983 1157 1056 1238 fiat,
1093 1157 1152 1222 sed
1178 1159 1285 1222 dotem
1316 1159 1390 1224 ideo

286 1255 374 1338 dari,
397 1262 435 1323 ut
456 1257 583 1323 mulieri
605 1263 673 1323 tum
696 1259 836 1338 demum,
860 1257 887 1322 si
918 1257 1005 1322 forte
1031 1257 1150 1337 nubat,
1173 1262 1307 1338 praesto
1335 1258 1389 1340 sit,

285 1361 395 1422 tamen
414 1357 504 1438 prior
526 1357 582 1422 illa
602 1363 726 1436 restat;
747 1364 846 1438 atque
861 1356 1000 1422 maxime
1018 1355 1133 1421 mirum
1154 1364 1255 1439 esset,
1275 1357 1303 1422 si
1318 1377 1390 1422 ora-

286 1462 341 1521 tor
352 1457 386 1522 in
398 1457 647 1524 accuratissima
662 1457 872 1524 enarratione
888 1458 972 1522 lianc
987 1456 1206 1522 condicionem
1218 1457 1390 1522 omisisset.

288 1558 369 1622 Turn
402 1556 584 1623 haesitavit
609 1559 881 1625 Westermannus
913 1557 947 1621 in
975 1574 1055 1621 voce
1088 1556 1273 1632 declinarat,
1306 1577 1391 1639 quae

285 1657 394 1738 posita
417 1664 505 1723 esset
522 1677 581 1740 pro
601 1659 657 1723 illa
679 1657 838 1746 διαιτηταί,
861 1676 931 1722 cum
953 1655 987 1722 in
1009 1657 1124 1721 tabula
1139 1657 1269 1738 publica
1279 1657 1391 1722 'verbis

285 1756 428 1838 propriis
457 1777 496 1823 ac
525 1759 734 1825 sollemnibus
758 1759 912 1824 utendum
938 1758 1040 1822 fuisse
1064 1756 1241 1840 J'udicaret.
1286 1755 1391 1839 Quam

285 1855 494 1922 offensionem
526 1859 825 1925 Hudtwalcherus'
858 1859 908 1922 ita
949 1858 1065 1924 tollere
1110 1856 1258 1937 studuit,
1288 1861 1325 1920 ut
1353 1876 1391 1921 re

286 1976 367 2023 vera
382 1957 558 2034 διαλλακτάς
576 1959 745 2024 exstitisse
764 1959 985 2038 contenderet,
1003 1956 1150 2023 diversos
1173 1959 1214 2022 ab
1236 1956 1278 2021 iis
1300 1956 1388 2021 arbi-

285 2057 363 2140 tris,
385 2057 441 2143 qni
468 2059 655 2124 dicerentur
677 2057 825 2146 decerptori
832 2081 838 2138 ;
861 2063 898 2124 at
925 2076 997 2122 oum
1019 2057 1070 2121 vir
1093 2057 1299 2123 doctissimus
1315 2076 1386 2122 sen·

285 2158 423 2224 tentiam
442 2179 534 2251 suam
552 2159 767 2240 locupletibus
780 2158 975 2225 testimoniis
1002 2157 1193 2231 confirmare
1219 2176 1282 2222 uon
1298 2163 1391 2239 potu-

286 2257 369 2341 erit,
390 2257 470 2323 mihi
489 2257 735 2325 Westermanni
757 2258 889 2324 offensio
912 2259 1018 2324 adhuc
1031 2258 1145 2323 valere
1166 2257 1305 2323 videtur.

369 2357 417 2422 Ut
438 2361 549 2424 autem
570 2377 658 2424 vana
680 2365 886 2442 argumenta,
909 2377 993 2440 quae
1015 2365 1131 2424 contra
1153 2357 1290 2422 aliarum
1314 2376 1390 2439 quo-

285 2475 347 2538 que
368 2457 580 2523 formularum
603 2459 835 2526 auctoritatem
858 2459 997 2540 protulit
1029 2476 1176 2540 quaeque
1194 2459 1262 2541 jam
1290 2477 1391 2539 snpra

285 2559 418 2640 repulsa
446 2565 538 2641 sunt,
562 2559 727 2641 omittam,
749 2559 801 2624 vir
831 2559 1037 2625 doctissimus
1066 2559 1139 2624 ideo
1167 2559 1389 2624 testimonium

284 2658 489 2739 suppositum
512 2679 584 2724 esse
601 2659 773 2744 judicavit,
797 2662 881 2741 quod
903 2660 964 2724 hoc
985 2659 1115 2725 minime
1136 2662 1334 2741 probaretur
1357 2659 1390 2723 id

285 2759 371 2837 quod
392 2763 506 2824 orator
529 2760 754 2826 demonstrare
775 2760 882 2826 voluit
933 2761 1094 2824 Neaeram
1110 2759 1239 2841 quidem
1263 2759 1390 2824 omnino

285 2875 348 2923 non
381 2858 556 2940 nominari,
590 2859 622 2924 id
654 2879 718 2925 non
750 2860 866 2924 mirum
900 2865 960 2940 est,
993 2860 1051 2924 sed
1084 2861 1125 2924 ab
1159 2859 1304 2941 arbitris,
1336 2857 1391 2938 qui

286 2957 415 3037 quidem
449 2979 659 3042 quaecunque
691 2979 744 3026 res
772 2962 813 3025 ab
844 2966 984 3040 utraque
1011 2966 1106 3042 parte
1139 2966 1256 3042 gestae
1285 2965 1388 3042 erant,

285 3077 349 3124 non
371 3058 585 3142 ignorabant,
616 3061 645 3126 si
672 3079 736 3125 non
763 3061 825 3126 hae
852 3079 976 3140 omnes,
1007 3064 1155 3126 attamen
1176 3079 1228 3142 ea,
1258 3079 1298 3125 ex
1327 3079 1390 3141 qua

286 3160 356 3224 sola
397 3160 437 3224 de
473 3162 622 3227 Neaerae
659 3160 788 3243 origine
835 3160 937 3226 conici
979 3161 1104 3242 potuit,
1147 3159 1391 3226 commemorari

285 3260 413 3340 debuit,
441 3261 641 3342 Stephanum
669 3262 776 3343 ipsum
803 3279 863 3326 sua
892 3265 1009 3342 sponte
1035 3262 1261 3343 proposuisse,
1290 3267 1328 3326 ut
1357 3260 1390 3324 in

287 3359 432 3440 gratiam
452 3361 610 3427 redirent.

368 3459 483 3539 ltaque
505 3459 616 3526 facere
636 3480 701 3526 non
732 3461 868 3543 poteriS,
898 3460 989 3542 quin,
1019 3479 1090 3525 cum
1118 3464 1169 3525 tot
1198 3461 1391 3526 offensiones

286 3565 492 3634 concurrant,
526 3560 686 3627 formulae
729 3561 962 3627 auctoritatem
1006 3560 1137 3628 defendi
1184 3580 1247 3626 non
1296 3579 1391 3642 posse

286 3660 454 3724 concedas.

368 3926 492 3992 Postea
513 3927 638 4007 Phano,
661 3928 810 3993 Neaerae
831 3927 913 4008 filia,
936 3947 956 3992 a
978 3927 1145 4008 Stephano
1168 3924 1337 4008 Theogeni
1356 3924 1391 3989 in

285 4025 526 4092 matrimonium
549 4029 629 4092 data
651 4037 702 4093 est
725 4032 823 4108 atque
846 4028 963 4112 etiam,
992 4046 1062 4093 cum
1085 4025 1138 4091 hio
1160 4026 1391 4110 magistratum

371 4193 430 4245 ι11.
449 4193 466 4246 l.
485 4193 501 4246 1.
520 4211 544 4261 p.
565 4196 614 4249 158
631 4195 722 4248 adnot.
