3236 4924
778 319 815 378 12

251 515 354 584 cuiuis
377 522 609 582 testamentum
642 520 679 582 ut
705 515 908 598 suppositum
930 515 982 578 uel
1010 513 1141 578 irritum
1167 513 1200 578 in
1227 517 1354 578 contro-

250 616 392 683 versiam
415 635 534 682 vocare
555 617 679 683 liceat.⁸

334 732 443 816 Quare
464 753 504 799 ne
536 752 645 800 eorum
668 733 798 815 quidem
819 733 963 797 virorum
985 730 1152 796 sententia
1173 749 1254 796 uera
1281 751 1352 796 esse

250 839 376 918 potest,
400 834 455 915 qui
477 835 580 901 verba
613 836 677 897 δσσι
696 835 740 921 μὴ
762 832 940 920 ἐπεποίηντο
973 837 1092 914 putant
1119 831 1182 896 dici
1211 832 1251 896 de
1277 832 1351 898 filiis

250 933 418 1015 adoptatis
450 939 484 1000 et
510 937 613 1000 verba
634 935 753 998 ὥστε...
767 931 995 997 ἐπιδικάσασθαι
1021 932 1189 1014 pertinere
1217 932 1259 996 ad
1286 933 1352 996 δια-

256 1033 373 1109 θέσθαι,
398 1040 456 1100 ant
478 1035 533 1116 qui
556 1036 700 1123 accarone
725 1033 876 1100 simulet
902 1032 984 1098 filios
1012 1033 1187 1113 adoptatos
1205 1039 1239 1097 et
1266 1032 1353 1098 cives

251 1134 436 1216 adscriptos
458 1134 682 1218 intellegunt.‘¹

332 1253 442 1332 Atque
477 1272 518 1318 ne
565 1255 646 1318 haec
689 1253 818 1333 quidem
860 1249 1095 1333 interpretatio
1128 1250 1231 1332 legis³
1274 1251 1352 1316 rnihi

249 1352 382 1418 videtur
403 1351 484 1418 ferri
507 1372 616 1435 posse:
650 1343 863 1435 „quicumque
884 1351 1035 1433 adoptati
1057 1369 1120 1416 non
1147 1357 1240 1432 sunt,
1268 1351 1352 1432 quod

250 1452 379 1534 quidem
413 1453 442 1520 si
477 1459 564 1536 suut,
597 1453 719 1519 nullum
752 1455 793 1517 ab
826 1451 1012 1518 hereditate
1044 1451 1216 1518 excludere
1248 1470 1353 1532 neque

252 1551 350 1618 ullam
372 1553 591 1620 hereditatem
612 1553 646 1618 in
670 1552 792 1637 judicio
822 1555 980 1634 appetere
1005 1556 1156 1634 possunt,
1184 1551 1225 1616 iis
1254 1551 1351 1617 liceto

250 1659 449 1719 testamento
486 1672 545 1718 sua
582 1652 724 1738 legare“;
760 1673 835 1718 narn
868 1663 1061 1732 quamquam
1100 1653 1203 1717 uerba
1243 1653 1350 1716 ὥστε...

250 1753 476 1817 ἐπιδικάσασθαι
507 1754 549 1818 ad
579 1753 757 1842 ἐπεποίηντο
784 1758 874 1819 recte
903 1753 1106 1833 referuntur,
1136 1757 1246 1817 tamen
1275 1751 1350 1816 talis

248 1853 483 1935 interpretatio
505 1855 688 1937 particulae
711 1855 790 1918 ὥστε
818 1853 947 1919 minime
973 1853 1107 1936 probari
1134 1857 1269 1935 potest,⁴
1295 1853 1352 1918 sed

249 1956 353 2021 verba
374 1972 438 2019 non
469 1955 569 2021 aliter
598 1955 791 2038 intellegere
820 1955 898 2020 licet
925 1973 1020 2035 quarn
1047 1953 1108 2018 sic:
1141 1953 1353 2035 „quicumque

250 2054 401 2136 adoptati
421 2073 484 2119 non
508 2061 594 2138 sunt,
616 2055 665 2121 ita
686 2061 724 2120 ut
745 2074 850 2136 neque
867 2057 921 2138 jus
944 2054 1135 2120 excludendi
1157 2052 1352 2133 quosvelint

249 2153 435 2220 hereditate
457 2176 517 2222 sua
538 2176 643 2239 neque
664 2157 826 2239 uirginem
858 2156 1010 2220 heredem
1039 2154 1171 2237 petendi
1197 2154 1351 2234 habeant,

249 2255 290 2321 iis
324 2255 421 2322 liceto
453 2257 566 2340 legare
599 2277 659 2324 sua
691 2258 791 2323 libero
825 2256 997 2322 arbitrio.“
1041 2257 1105 2321 Sed
1137 2256 1218 2320 haec
1250 2257 1352 2320 verba

249 2355 337 2421 inter
358 2375 393 2422 se
415 2376 602 2442 repugnare
624 2358 693 2424 luce
716 2358 836 2423 clarius
859 2363 919 2423 est.

332 2475 406 2540 Hac
437 2482 547 2542 autem
572 2476 661 2542 uocis
695 2478 788 2539 ποιεῖν
820 2474 1096 2556 interpretatione
1123 2477 1156 2538 et
1177 2473 1352 2538 uerborurn

250 2573 315 2636 ὅσαι
334 2577 378 2662 μὴ
400 2575 580 2663 ἐπεποίηντο
603 2595 673 2641 culn
696 2576 906 2657 sequentibus
929 2575 1008 2638 ὥστε
1034 2572 1103 2658 μήτ’
1127 2575 1263 2636 ἀπειπεῖν
1281 2570 1351 2659 μήτ’

249 2673 477 2739 ἐπιδικάσασθαι
499 2676 725 2762 conjunctione
747 2681 882 2742 seruata
903 2675 1026 2741 nostris
1049 2675 1250 2756 temporibus
1270 2689 1351 2736 corn-

249 2773 362 2855 plures
384 2774 449 2840 viri
470 2775 558 2840 docti
580 2775 663 2840 alius
693 2776 791 2840 aliter
816 2776 922 2840 locum
952 2773 1118 2856 explicare
1147 2773 1351 2838 studuerunt.

250 2874 297 2939 Ut
308 2873 467 2958 exstitit‚⁵
480 2875 535 2956 qui
549 2875 621 2940 voci
633 2876 711 2938 ὥσπε
724 2875 788 2940 uim
802 2874 1035 2959 conjunctionis
1051 2872 1098 2958 ἐφ’
1112 2869 1173 2958 pire
1188 2873 1352 2938 subiceret

250 2979 285 3040 et
306 2975 394 3040 hanc
415 2975 614 3041 sententiam
638 2995 678 3041 ex
692 2976 803 3041 uerbis
826 2974 980 3057 expedire
994 2973 1138 3041 voluisse
1155 2973 1351 3040 videreturb

336 3161 342 3189 ¹
361 3157 402 3213 De
424 3158 466 3212 his
489 3159 576 3214 causis
598 3159 707 3214 uberius
731 3159 858 3213 disseruit
881 3159 1079 3214 Schoernannus
1102 3157 1130 3210 in
1157 3173 1270 3210 censura
1291 3155 1352 3210 libri

250 3241 429 3308 Platnerioni,
451 3258 519 3309 quae
537 3248 628 3296 exstat
645 3243 673 3296 iu
691 3243 779 3296 annal.
797 3241 887 3296 Berol.
905 3259 928 3295 a.
948 3241 1013 3296 1828
1031 3241 1084 3294 vol.
1103 3241 1118 3292 2
1136 3257 1161 3309 p.
1179 3240 1230 3293 340
1247 3256 1285 3305 sq.

334 3326 421 3380 ’Hoc
455 3326 532 3379 modo
567 3325 706 3380 intellexit
734 3325 858 3392 censius,
894 3325 926 3378 de
952 3324 1066 3378 historia
1091 3322 1161 3390 juris
1198 3322 1352 3376 hereditarii

250 3409 304 3463 vol.
324 3411 336 3462 l
354 3426 380 3477 p.
398 3409 455 3465 385.

340 3493 442 3548 ⁸Haec
461 3499 502 3547 est
520 3494 656 3548 sententia
673 3492 803 3546 Bunsenii
825 3493 841 3546 l.
857 3493 874 3546 l.
893 3509 918 3560 p.
934 3493 966 3545 55
985 3496 1012 3544 et
1030 3492 1069 3557 57,
1088 3495 1117 3544 et
1140 3489 1302 3558 Schellingii.
1321 3492 1353 3544 de

251 3575 357 3630 Solonis
374 3575 480 3644 legibus
498 3577 569 3644 apud
587 3582 709 3630 oratores
726 3575 835 3629 Atticos
852 3591 877 3643 p.
898 3577 952 3630 128.

334 3663 345 3690 ⁴
362 3661 391 3714 cf
415 3661 574 3714 Platnerum
591 3659 620 3713 in
638 3676 751 3713 censura
768 3659 829 3713 libri
841 3657 1014 3725 Bunseniaui,
1034 3674 1103 3724 quae
1121 3663 1212 3711 exstat
1223 3657 1251 3712 in
1264 3657 1352 3712 annal.

250 3742 422 3813 Heidelberg.
440 3760 464 3798 a.
484 3745 549 3798 1814
565 3761 590 3811 p.
609 3746 674 3798 1169
693 3760 731 3813 sq.

335 3829 344 3857 ⁵
362 3826 504 3881 Darestius
521 3826 538 3880 1.
557 3826 573 3880 l.
591 3843 616 3894 p.
635 3827 683 3881 301
702 3826 798 3880 uertit:
834 3825 988 3896 Quiconque
1006 3823 1110 3879 n'avait
1127 3840 1175 3891 pas
1193 3826 1237 3876 ete
1255 3823 1353 3890 adopte

250 3916 335 3966 avant
356 3911 479 3980 l'epoque
505 3912 540 3964 ob
566 3911 648 3964 Solon
672 3915 714 3964 est
740 3911 844 3964 devenu
871 3909 1006 3976 archonte,
1033 3912 1050 3962 d
1075 3907 1161 3962 moins
1188 3907 1253 3974 qu‘il
1278 3905 1354 3960 n'eirt

250 3996 365 4050 renonce
382 3997 399 4048 b
415 3993 563 4062 l'adoption
581 4009 615 4048 ou
633 3993 698 4060 qu'il
719 3992 795 4048 n'edt
812 3994 913 4048 obtenu
927 3993 1025 4048 l'envoi
1049 4009 1082 4046 eu
1104 3990 1264 4059 possession,
1288 3995 1354 4057 peut

252 4077 373 4149 disposer
389 4077 532 4132 librement
549 4077 582 4132 dc
600 4093 642 4131 ses
660 4076 736 4131 biens
752 4093 801 4147 par
819 4081 974 4132 testament.

334 4161 420 4215 'Hoc
436 4165 550 4231 apparet
566 4176 600 4215 ex
616 4159 697 4228 notis,
716 4175 782 4229 quas
800 4160 842 4216 vir
858 4158 1027 4214 doctissimus
1045 4175 1070 4230 p.
1087 4160 1138 4214 307
1156 4157 1263 4227 adjecit.
