3236 4924
817 399 859 460 44

287 613 422 676 prorsus
459 603 616 662 accurata
644 594 843 680 significatio
872 595 906 661 in
934 595 1125 677 quotidiano
1154 615 1304 663 sermone
1332 617 1397 664 om·

287 694 375 762 nium
397 700 579 778 temporum
610 703 790 778 usurpatur
819 713 938 779 neque,
966 701 1005 762 ut
1030 695 1196 763 sententia
1221 698 1395 764 verborum

285 792 512 879 intellegatur,
546 815 626 879 opus
659 803 711 862 est
741 795 854 862 verbis
887 795 1030 862 oratoris
1061 801 1192 860 συνεῖναι
1226 796 1394 883 δ’ἑκατέρῳ

286 895 406 981 ἡμέραν
429 895 499 981 παρ’
523 897 649 983 ἡμέραν.

371 1013 453 1077 Tum
476 1013 596 1097 objecit
611 1013 663 1079 vir
685 1011 892 1079 doctissimus
907 1011 1085 1079 verisimile
1108 1031 1180 1079 esso
1202 1019 1316 1097 testes,
1339 1015 1395 1097 qui

285 1109 351 1192 ipsi
382 1130 508 1194 quoque
542 1113 662 1180 arbitri
691 1118 819 1186 essent,
848 1111 944 1179 simul
973 1112 1136 1195 pactionis
1164 1120 1394 1198 argumentum

288 1215 431 1279 testatos
464 1232 537 1280 esse
568 1233 673 1295 neque
705 1212 805 1279 tiliam
833 1214 957 1296 justam
990 1231 1121 1278 causam
1154 1221 1303 1297 exstare,
1336 1234 1394 1281 cnr

286 1311 508 1379 testimonium
534 1319 569 1381 et
595 1313 705 1397 pactio
732 1313 919 1395 separanda
946 1319 1065 1379 essent.
1123 1313 1187 1380 Sed
1213 1315 1295 1380 baec
1323 1334 1394 1382 sen-

285 1413 393 1479 tentia
413 1433 478 1479 non
502 1419 632 1480 tantum
647 1413 898 1480 verisimilitatis
920 1415 1031 1495 habet,
1053 1417 1091 1478 ut
1105 1415 1189 1480 banc
1204 1417 1244 1481 ob
1261 1433 1394 1482 causam

284 1513 441 1580 formulas
475 1513 667 1581 subdititiae
696 1513 932 1596 existimemus3
959 1532 1034 1579 nam
1061 1531 1255 1596 quamquam
1282 1534 1394 1582 conce·

286 1613 426 1679 dandum
452 1622 503 1681 est
532 1613 680 1697 potuisse
709 1633 834 1695 qnoque
864 1619 968 1680 testes
997 1613 1116 1680 testari
1144 1616 1330 1696 pactionem
1359 1622 1393 1684 et

285 1714 407 1781 factam
430 1734 502 1781 esse
524 1721 558 1782 et
579 1716 654 1781 illas
677 1715 877 1790 sententias,
901 1733 982 1809 quas
1004 1719 1117 1781 orator
1144 1734 1245 1797 supra
1266 1736 1394 1784 enume-

285 1820 431 1896 raverat,
454 1815 667 1901 continuisse,
698 1821 808 1881 tamen
836 1817 931 1902 hujus
961 1815 1198 1900 conjunctionis
1224 1818 1316 1883 nulla
1341 1825 1394 1884 est

285 1915 475 1999 necessitas
498 1916 555 1982 sed
577 1916 736 1982 formulae
756 1916 830 1982 ideo
851 1915 996 1982 fortasse
1011 1917 1052 1980 ab
1068 1922 1200 1982 oratore
1216 1922 1393 1998 separatae

285 2019 377 2097 sunt,
408 2034 471 2097 quo
493 2015 600 2098 magis
625 2016 750 2099 judices
776 2020 945 2083 moverent
998 2016 1150 2082 Fuerunt
1179 2022 1305 2102 autem,
1336 2019 1392 2100 qui

286 2116 522 2183 contenderent
544 2116 672 2182 omnino
693 2136 758 2182 non
779 2117 926 2198 potuisse
954 2116 1110 2183 formulas
1138 2118 1306 2202 conjungi,
1333 2119 1391 2185 sed

285 2235 420 2282 necesse
442 2218 544 2283 fuisse
565 2223 739 2300 separatas
762 2217 891 2300 afferre,
915 2235 985 2282 cum
1007 2216 1127 2299 poetic,
1150 2217 1286 2284 simulac
1300 2218 1391 2284 facta

286 2322 387 2398 esset,
415 2320 457 2383 ab
487 2318 624 2384 arbitris
649 2317 772 2383 litteris
799 2318 956 2383 mandata
982 2328 1080 2383 esset.
1136 2319 1183 2384 At
1212 2319 1294 2385 haec
1320 2337 1391 2386 sen-

285 2416 393 2484 tentia
414 2437 477 2485 non
500 2438 636 2500 prorsus
657 2437 739 2484 vera
765 2417 844 2484 mibi
866 2417 998 2486 videtur
1025 2436 1114 2496 esse,
1138 2437 1209 2484 cum
1234 2438 1299 2485 non
1326 2418 1392 2486 nisi

285 2518 336 2584 bis
359 2518 508 2584 formulis
541 2518 727 2584 confirmari
760 2518 878 2599 possit;
912 2519 970 2583 sed
1002 2516 1147 2584 fortasse
1180 2520 1390 2585 statuendum

284 2619 330 2684 sit
351 2619 524 2684 formulam
546 2622 662 2700 postea
684 2620 820 2701 demum,
844 2638 914 2684 eum
936 2617 1042 2684 resin
1061 2616 1217 2701 judicium
1232 2620 1390 2700 venisset,

285 2721 327 2783 ab
351 2723 483 2784 oratore
506 2719 793 2800 comprobantibus
809 2724 842 2784 et
857 2717 1058 2784 testantibus
1081 2718 1217 2784 arbitris
1232 2718 1389 2802 scriptam

285 2836 364 2882 esse.
409 2817 480 2899 Qua
502 2819 668 2884 sententia
692 2822 832 2901 probata
852 2817 968 2884 ultima
989 2817 1233 2885 Westermanni
1254 2819 1389 2885 offensio

286 2916 384 2981 facile
405 2917 478 2984 tolli
500 2923 629 3000 potest3
652 2919 788 2985 offendit
810 2920 895 2986 enim
916 2919 1022 2986 virum
1045 2918 1281 3001 doctissimum,
1304 2919 1389 2999 quod

284 3015 317 3080 in
345 3017 508 3098 pactionis
536 3019 676 3084 formula
701 3039 765 3086 non
796 3039 848 3094 ea,
878 3036 962 3100 quae
991 3023 1104 3083 orator
1133 3038 1235 3100 supra
1262 3036 1389 3084 enume-

283 3117 383 3198 ravit,
405 3118 513 3184 omnia
535 3117 752 3186 continentur.
795 3122 842 3185 At
855 3138 961 3184 nonne
977 3123 1099 3201 orator,
1124 3136 1194 3184 cum
1217 3118 1389 3185 formulam

284 3217 472 3299 composuit,
496 3236 535 3283 ea
556 3219 659 3300 modo,
684 3239 767 3301 quae
789 3219 904 3286 summi
925 3217 1079 3284 momenti
1094 3237 1166 3284 esse
1181 3218 1388 3300 videbantur,

285 3318 418 3400 eligere,
441 3318 507 3384 alia
528 3318 633 3384 minus
657 3319 776 3402 gravia
799 3321 950 3386 omittere
972 3317 1102 3400 potnit?

367 3436 508 3501 Tradita
529 3435 633 3520 igitur
656 3436 818 3517 pactionis
840 3437 980 3502 formula
1011 3453 1076 3501 non
1098 3434 1231 3518 integra
1260 3435 1388 3516 quidem

285 3545 345 3616 est,
369 3537 425 3601 sed
447 3537 519 3601 fieri
541 3537 669 3617 potuit,
698 3541 737 3600 nt
763 3536 845 3600 llaec
871 3537 945 3618 ipsa
971 3537 1005 3600 in
1027 3534 1150 3618 judicio
1178 3535 1386 3600 recitaretur.

284 3637 319 3700 ln
341 3635 526 3700 testimonio
549 3640 660 3700 autem
682 3654 723 3701 ne
740 3636 1010 3701 Westermannus
1027 3634 1156 3715 quidem
1171 3635 1288 3699 habuit
1303 3633 1388 3714 quod

282 3735 498 3816 vituperaret.

367 4015 531 4099 Quomodo
564 4021 673 4083 autem
700 4017 838 4097 Neaera,
872 4035 942 4081 cum
974 4015 1009 4081 in
1035 4015 1196 4098 Stephani
1222 4023 1258 4082 et
1282 4017 1387 4097 Phry-

283 4117 390 4184 nionis
432 4135 528 4182 manu
567 4123 668 4200 esset,
705 4117 840 4200 vixerit,
878 4117 971 4183 nobis
1014 4116 1260 4184 demonstratur
1295 4116 1389 4182 testi·

283 4216 389 4282 monio
416 4214 435 4302 ξ
462 4216 516 4282 63:
626 4217 630 4224 '
