3236 4924
746 411 785 472 41

301 610 415 690 Neque
436 595 515 674 vero
538 626 578 673 ex
600 612 697 689 parte
723 607 816 673 modo
837 607 1087 692 interpolatum,
1110 609 1167 674 sed
1189 627 1323 691 prorsus

218 707 427 776 subditioium
449 711 549 789 atque
571 706 809 790 posterioribus
831 709 958 774 demum
987 707 1189 791 temporibus
1215 726 1236 775 a
1264 708 1324 775 fal·

218 808 307 875 sario
337 828 378 874 ex
407 807 565 900 orationis
587 807 698 874 uerbis
728 803 941 890 compositum
968 827 1039 875 esse
1066 808 1198 876 videtur
1230 809 1323 876 testi-

219 909 370 991 monium,
394 907 479 989 quod
502 903 614 973 exstat
634 906 669 972 in
691 904 710 992 ξ
732 908 786 973 45:
1357 928 1360 932 ·

345 1022 494 1111 Χιωνίδης
508 1023 694 1100 Ξυπεταιών,
719 1023 873 1089 Εδδετίων
889 1023 1119 1112 Κυδαθηναιεὺς
1133 1028 1324 1110 μαρτυροῦσι

345 1123 489 1212 κληδῆναι
522 1123 580 1187 ὑπὸ
613 1123 754 1209 Χαβρίου
787 1123 835 1188 ἐπὶ
866 1124 1000 1200 δεῖπνον,
1033 1126 1085 1190 ιίτε
1123 1125 1159 1189 τὰ
1201 1124 1324 1189 ἐπινίκια

346 1223 437 1289 εἱστία
459 1221 601 1308 Χαβρίας
621 1230 676 1314 τῆς
706 1224 787 1312 νίκης
818 1228 870 1289 τοῦ
903 1226 1047 1311 ἅρματος,
1080 1228 1128 1290 καὶ
1160 1224 1325 1290 είστιιῖσδαι

347 1324 394 1388 ἐπὶ
430 1324 577 1400 Κωλιάδι,
613 1327 662 1389 καὶ
698 1325 813 1389 εἰδέναι·
846 1324 1003 1410 Φρυνίωνα
1039 1326 1177 1411 παρόντα
1213 1325 1244 1389 ἐν
1281 1327 1326 1411 τῷ

344 1423 456 1509 δείπνῳ
491 1424 589 1509 τούτῳ
618 1421 728 1510 ἔχοντα
761 1425 894 1510 Νέαιραν
924 1428 976 1515 τὴν
1009 1429 1070 1491 νυνί
1096 1425 1325 1513 ἀγωνιζομένην,

344 1527 391 1590 καί
413 1525 573 1590 καδείδειν
599 1530 681 1612 σφᾶς
706 1525 819 1602 αὐτοὺς
842 1527 891 1590 καί
921 1523 1078 1610 Φρυνίωνα
1106 1527 1155 1589 καί
1182 1523 1336 1608 Νέαιραν,’

344 1628 393 1690 καί
424 1626 622 1692 αίσδαίνεσδαι
653 1626 739 1691 αὐτοὶ
770 1626 987 1710 ἀνισταμένους
1020 1630 1074 1714 τῆς
1111 1627 1219 1702 νυκτδς
1248 1627 1327 1708 πρὸς

345 1726 480 1811 Νέαιραν
511 1727 619 1804 ἄλλους
651 1750 682 1791 τε
714 1728 762 1790 καί
795 1731 854 1790 τῶν
887 1725 1034 1789 διακόνων
1068 1726 1156 1802 τινιίς,
1189 1724 1218 1788 οἳ
1249 1723 1325 1813 ἦσαν

347 1825 488 1910 Χαβρίου
510 1827 630 1891 οἰκέται.

305 1975 410 2060 Hujus
444 1976 624 2043 testimonii
653 1995 760 2042 sermo
792 1975 886 2042 nobis
921 1978 1102 2059 complures
1132 1974 1326 2042 offensiones

220 2075 373 2157 praebet:
408 2076 547 2158 primum
569 2075 698 2156 quidem
718 2076 858 2143 maxime
890 2075 1022 2143 dubitat
1043 2067 1325 2160 Westermannus,

220 2195 297 2241 num
319 2175 393 2241 aliis
414 2175 495 2242 locis
517 2194 654 2257 usquam
668 2175 826 2258 seriptum
842 2175 887 2243 sit
908 2176 1032 2240 ἐπινίκια
1054 2177 1153 2240 ἑστιᾶν
1177 2181 1229 2263 τῆς
1249 2175 1329 2264 νίκης

222 2280 274 2340 τοῦ
311 2276 462 2360 ἅρματος,
499 2281 568 2341 tum
605 2275 781 2343 offenditur
817 2277 869 2342 vir
908 2275 1116 2342 doctissimus
1151 2276 1326 2343 verborum

222 2379 392 2442 structura
406 2375 567 2453 καθεύδειν
581 2382 663 2462 σφᾶς
675 2376 788 2453 αὐτοὺς
807 2381 841 2442 et
856 2376 1054 2440 αῖσδάνεσδαι
1070 2374 1164 2458 ου’τοί,
1187 2376 1327 2458 denique

223 2477 368 2560 quaerit,
391 2477 549 2558 quomodo
570 2475 643 2542 deri
664 2476 786 2560 possit,
809 2482 847 2542 ut
867 2476 1014 2543 homiues
1041 2475 1134 2542 simul
1162 2477 1328 2543 dormiant

223 2595 262 2642 ao
293 2581 403 2643 tamen
436 2596 490 2647 res
523 2578 708 2643 observent.
762 2576 845 2642 Mihi
877 2575 1007 2657 quidem
1037 2577 1101 2642 hae
1133 2575 1327 2645 offensiones

222 2681 350 2743 tantum
384 2677 496 2743 valere
527 2677 699 2759 videntur,
731 2681 769 2742 ut
801 2678 862 2742 hoo
893 2676 1115 2743 testimonium
1150 2697 1210 2760 pro
1241 2679 1327 2745 falso

222 2777 345 2843 habere
373 2796 439 2843 non
461 2777 616 2844 dubitem.
670 2776 763 2860 Quod
795 2781 905 2843 autem
938 2778 1121 2860 complures
1142 2777 1207 2844 viri
1239 2779 1327 2845 dooti

221 2877 369 2944 ultimam
405 2878 615 2945 offensionem
651 2879 765 2945 tollere
801 2877 911 2944 eonati
942 2883 1034 2964 sunt,
1066 2878 1328 2961 interpretantes

221 2981 357 3048 verbum
379 2979 539 3044 καθεύδειν
561 2982 620 3044 aut
643 2978 787 3045 cubitum
819 2978 868 3044 ire
890 2983 949 3044 aut
978 2984 1187 3062 pernoctare,
1210 2999 1328 3048 vereor

222 3097 264 3144 ne
284 3081 366 3145 haee
387 3077 586 3162 significatio
607 3079 695 3144 nullo
717 3078 782 3145 alio
804 3079 874 3143 loco
896 3078 1095 3160 reperiatur.

306 3195 418 3276 Neque
440 3195 518 3260 mihi
539 3194 672 3278 obicias
694 3201 731 3261 ut
752 3199 903 3261 oratores
923 3196 1044 3262 atticos
1071 3195 1105 3261 in
1121 3197 1328 3265 conficiendis

224 3294 420 3362 testimoniis
454 3297 644 3378 plerumque
677 3295 801 3361 ordinis
830 3299 865 3362 et
893 3295 1087 3363 eruditionis
1116 3296 1250 3363 testium
1277 3319 1329 3365 ra·

228 3395 349 3462 tionem
373 3397 591 3481 habuissent,¹
623 3397 672 3462 ita
704 3397 766 3462 hoo
797 3398 868 3462 loco
893 3401 1057 3463 oratorem
1078 3396 1222 3465 fortasse
1245 3398 1329 3485 ideo,

223 3498 309 3579 quod
331 3502 436 3565 testes
457 3497 566 3564 infimo
588 3499 659 3564 loro
681 3497 753 3564 nati
775 3501 895 3580 essent,
917 3497 1023 3563 minus
1039 3497 1187 3582 eleganti
1201 3499 1330 3567 dicendi

222 3597 350 3664 ratione
377 3617 470 3665 usum
500 3618 587 3680 esse3
615 3619 691 3665 nam
720 3616 914 3680 quamquam
941 3604 1046 3665 testes
1076 3598 1170 3665 nobis
1199 3601 1330 3668 aliunde

222 3697 293 3765 noti
313 3719 378 3765 non
400 3705 486 3784 sunt,
509 3704 621 3765 tamen
644 3718 684 3766 ex
706 3718 746 3765 ea
767 3717 813 3781 re,
837 3700 921 3780 quod
937 3698 1033 3765 amini
1048 3699 1210 3766 Chabriae
1230 3700 1329 3785 impe-

223 3798 368 3865 ratoris²
389 3806 480 3881 sunt,
515 3799 594 3866 mihi
622 3799 771 3866 concludi
799 3817 895 3881 posse
925 3799 1058 3866 videtur
1085 3798 1175 3882 ipsos
1204 3820 1330 3884 quoque

308 4007 316 4035 ¹
335 4003 369 4058 of.
387 4002 560 4070 Waohholtz,
575 4003 592 4056 l.
610 4003 628 4057 l.
645 4019 672 4070 p.
690 4002 729 4056 11.

306 4088 316 4118 ¹
333 4085 413 4141 Hune
431 4085 574 4140 Chabriam
592 4101 650 4140 esse
667 4085 858 4156 imperatorem
875 4083 1021 4152 illustrem,
1046 4089 1162 4153 apparet
1187 4101 1220 4140 ex
1246 4083 1329 4140 titulo

224 4169 346 4308 adiudam,
365 4170 399 4224 of.
418 4170 446 4224 C.
456 4171 477 4224 Ι.
489 4170 523 4224 A.
537 4169 615 4225 vol.2
627 4169 670 4223 tit.
689 4170 751 4234 8043
769 4167 970 4236 Dittenberger,
988 4167 1092 4236 sylloge
1103 4165 1224 4235 inscript
1242 4182 1330 4239 graec.

222 4267 276 4307 vo.
294 4253 311 4306 2
328 4252 373 4308 tit.
391 4253 449 4310 351.
