3236 4924
739 363 780 427 49

212 564 399 646 Stephanus
428 564 470 629 ab
502 563 688 646 Epaeneto,
712 580 806 644 quem
837 561 872 627 in
904 564 1036 644 Phano,
1058 563 1207 629 Neaerae
1238 562 1316 646 filia,

213 665 398 730 adulterum
419 664 698 745 deprehenderat,
720 681 874 746 magnam
900 663 1071 745 pecuniam
1097 667 1316 745 expresserat.

212 765 402 846 Epaonetus
424 768 551 845 autem,
573 782 645 828 oum
666 762 843 844 praedibus
867 763 955 829 datis
976 762 1011 829 in
1032 762 1221 829 libertatem
1248 762 1318 830 vin·

213 863 342 930 dicatus
365 868 462 947 esset,
485 862 600 930 statim
622 862 789 945 Stephano
811 863 902 929 litem
923 863 1123 946 intenderat,
1146 862 1317 945 quodcum

212 965 327 1029 Phano
349 984 414 1030 non
436 963 534 1046 civis,
568 965 627 1030 sed
658 963 837 1048 peregrina
868 968 969 1044 atque
1000 962 1159 1030 meretrix
1190 961 1318 1046 fuisset,

214 1064 341 1130 omnino
363 1083 428 1130 non
450 1064 688 1147 adulterasset,
711 1066 769 1130 sed
789 1064 910 1148 inJ'uste
940 1065 1191 1146 comprehensus
1220 1070 1318 1130 esset.

215 1163 286 1247 Qua
307 1165 366 1231 lite
388 1183 460 1230 oum
475 1164 661 1246 Stephanus
684 1183 719 1230 se
742 1183 893 1230 casurum
915 1182 987 1230 esse
1008 1163 1236 1245 intellexisset,
1259 1182 1319 1228 sua

214 1269 332 1346 sponte
353 1267 395 1330 ab
417 1263 472 1330 illo
494 1263 654 1349 petierat,
682 1276 720 1330 ut
745 1264 987 1331 accusationem
1014 1266 1160 1345 tolleret,
1194 1269 1229 1329 et
1259 1283 1319 1345 per

215 1363 360 1429 arbitros
402 1363 437 1428 in
469 1363 614 1448 gratiam
654 1383 725 1430 oum
766 1364 821 1442 illo
854 1363 1008 1430 redierat.
1069 1365 1176 1448 Hujus
1208 1371 1319 1429 autem

215 1463 416 1529 narrationis
437 1464 519 1530 fides
542 1465 666 1530 duobus
687 1464 915 1531 instrumentis
937 1464 1156 1548 confirmatur,
1180 1463 1319 1547 quaein

217 1561 256 1647 ἓξ
277 1564 319 1628 92
341 1569 375 1629 et
396 1562 437 1630 93
458 1570 607 1630 exstant:

344 1697 512 1782 Μάρτυρες.
538 1697 720 1784 Ναοσίφιλος
736 1698 923 1787 Κεφαλῆθεν,
945 1697 1158 1784 Ἀριστόμαχος
1177 1699 1318 1786 Κεφαλῆ-

342 1798 395 1861 δεν
405 1803 614 1882 μαρτυροῦσιν
629 1799 764 1887 ἐγγυηταὶ
778 1799 916 1882 γενέσθαι
930 1798 1099 1864 Ἐπαινέτου
1115 1803 1167 1863 τοῦ
1182 1797 1320 1883 Ἀνδρίου,

341 1898 386 1961 ὅτ’
409 1896 469 1985 ἔφη
485 1898 647 1984 Στέφανος
656 1901 765 1983 μοιχὸν
781 1899 934 1987 εἰληφέναι
948 1897 1129 1963 Ἐπαίνετον·
1153 1900 1201 1963 καὶ
1215 1898 1320 1986 ἐπειδὴ

341 1997 466 2085 ἐξῆλθεν
497 1993 664 2074 Ἐπαίνετος
695 1999 779 2083 παρὰ
808 1998 970 2083 Στεφάνου
998 2001 1046 2062 καὶ
1073 1998 1178 2083 κάμιος
1203 1998 1320 2080 ἐγένετο

343 2098 446 2174 αὑτοῦ,
475 2099 649 2183 γράφασδαι
670 2101 789 2187 γμαφλμ
816 2098 975 2184 Στέφανον
1006 2102 1085 2184 πμδς
1112 2098 1183 2175 τοὺς
1206 2100 1320 2184 δεσμο-

344 2197 443 2274 δέτας,
477 2199 522 2260 δτι
555 2198 647 2261 αὐτὸν
679 2197 791 2274 άδὶκιος
821 2198 936 2283 εἷρξεν·
970 2201 1018 2261 καὶ
1043 2199 1127 2262 αὐτοὶ
1148 2199 1319 2263 διαλλακταὶ

342 2298 497 2380 γενόμενοι
529 2297 681 2371 διαλλάξαι
713 2295 879 2361 Ἐπαίνετον
911 2300 959 2361 καλ
991 2296 1165 2383 Στέφανον·
1201 2298 1254 2374 τὰς
1285 2298 1320 2362 δὲ

343 2397 502 2479 διαλλαγὰς
521 2397 605 2472 εἶναι,
628 2399 666 2473 ἃς
686 2397 852 2482 παρέχεται
873 2395 1101 2482 Ἀπολλόδωρος.

236 2577 239 2582 ,
341 2512 504 2597 άιαλλαγαί.
527 2513 586 2578 Ἐπὶ
609 2515 707 2578 τοῖσδε
729 2515 887 2602 διήλλαξαν
902 2513 1061 2600 Στέφανον
1083 2516 1131 2578 καλ
1152 2513 1318 2578 Ἐπαίνετον

341 2615 369 2676 οξ
398 2615 583 2691 διαλλακταὶ,
613 2621 672 2679 τῶν
697 2616 756 2700 μὲν
784 2615 986 2703 γεγενημένων
1015 2616 1084 2699 περὶ
1121 2617 1171 2679 τὸν
1199 2616 1320 2700 εἱργμὸν

340 2715 491 2802 μηδεμίαν
500 2715 605 2800 μνείαν
618 2715 707 2801 ἔχειν,
722 2714 889 2780 Ἐπαίνετον
904 2716 939 2779 δὲ
954 2716 1059 2779 δοῦναι
1069 2713 1169 2799 χιλίας
1182 2715 1324 2800 δμαχαδς

345 2814 440 2878 Φανοῖ
459 2817 504 2884 εἰς
524 2814 650 2892 ἔκδοσιν,
673 2816 777 2904 ἐπειδὴ
800 2816 945 2902 κέχρηται
967 2816 1046 2901 αὐτῇ
1066 2816 1217 2891 πολλάκις·
1241 2815 1320 2879 Στέ-

342 2938 438 2998 φανον
460 2915 495 2978 δὲ
518 2915 663 3000 παρέχειν
687 2915 777 2979 Φανὼ
790 2913 964 2999 Ἐπαινέτῳ,
986 2915 1100 2978 ὑπάταν
1122 2915 1255 3002 ἐπιδημῇ
1275 2916 1323 2979 καὶ

341 3014 488 3102 βούληται
509 3011 640 3080 συνεῖναι
662 3015 748 3102 αὐτῇ.

300 3180 425 3246 Horum
456 3181 747 3248 instrumentorum
777 3183 880 3248 verba
912 3181 999 3264 apud
1031 3180 1176 3247 homines
1210 3181 1323 3247 doctos

216 3280 335 3346 multos
357 3283 527 3364 scrupulos
550 3286 733 3350 moverunt.
774 3281 920 3347 Primum
935 3282 1064 3362 quidem
1078 3281 1233 3348 Reiskius
1248 3286 1324 3364 post

216 3380 351 3446 verbum
374 3382 467 3444 αὑτοῦ
490 3381 694 3447 desideravit
715 3401 892 3463 pronomen
914 3382 1015 3465 αὐτόν,
1039 3401 1101 3464 quo
1124 3384 1242 3449 omisso
1257 3401 1322 3449 mx

216 3481 390 3564 γραφασδαι
411 3499 475 3547 non
497 3480 563 3546 nisi
584 3483 627 3547 ad
649 3482 794 3548 arbitros
816 3482 936 3548 referri
958 3488 1085 3565 posset;
1107 3483 1165 3549 sed
1179 3500 1237 3549 suo
1249 3485 1323 3568 jure

216 3578 411 3647 Sohaelerus
435 3581 590 3664 opposuit
610 3601 722 3648 vocem
747 3601 812 3647 non
835 3582 1027 3666 addendam,
1050 3583 1109 3648 sed
1131 3583 1324 3649 subaudien-

217 3678 292 3744 dam
311 3685 411 3762 atqne
434 3682 534 3748 etiam
549 3701 628 3749 vooe
650 3683 770 3749 omissa
792 3682 990 3749 sententiam
1012 3700 1084 3748 esse
1107 3682 1324 3750 manifestam.

216 3777 299 3843 'Purn
321 3779 594 3847 Westermannus
616 3783 736 3864 verba,
758 3801 843 3863 quae
864 3801 929 3848 non
950 3782 984 3846 in
1007 3781 1177 3860 oratione,
1200 3781 1259 3848 sed
1290 3783 1325 3847 in

216 3876 358 3944 formula
373 3884 503 3947 tantum
518 3886 663 3964 exstant,
686 3900 706 3946 a
725 3880 862 3947 falsario
878 3880 986 3963 aliquo
1008 3881 1049 3947 de
1071 3901 1128 3948 suo
1150 3881 1230 3947 dota
1252 3901 1324 3950 esse

216 3975 430 4046 existimavit.
475 3983 522 4046 At
545 3982 630 4062 quod
656 3980 849 4050 narratione
878 3980 1021 4047 oratoris
1049 3999 1114 4046 non
1143 3980 1325 4064 significari

216 4077 422 4160 Epaenetum
449 4083 581 4164 saepius
612 4102 683 4148 oum
710 4083 825 4147 Phano
853 4101 923 4148 rem
951 4082 1105 4148 habuisse
1126 4082 1179 4150 vir
1208 4082 1326 4148 doetis-

216 4178 317 4246 simus
341 4180 527 4263 contendit,
549 4181 583 4247 id
605 4181 684 4247 mihi
704 4201 769 4248 non
791 4188 882 4249 reete
904 4182 1041 4266 dictum,
1074 4183 1137 4318 sed1
1153 4182 1325 4263 probabile
