3236 4924
820 366 860 425 52

286 559 430 648 Ἐρχιεύς,
448 562 517 645 jam
539 562 811 628 Westermannus
833 562 905 643 ipse
926 560 1059 643 amovit,
1083 580 1153 626 cum
1175 560 1209 643 in
1231 561 1250 643 ἓ
1271 561 1313 626 94
1334 581 1393 644 pro

288 661 419 728 nomine
442 660 634 749 Κοθωκίδην,
656 661 741 742 quod
763 667 900 743 propter
922 663 983 726 hoc
1004 679 1120 726 nomen
1147 657 1285 745 Ἐρχιεύς
1312 662 1394 728 ferri

289 781 354 829 non
375 759 495 846 potest,
517 761 718 829 Voemelium
740 767 872 827 secutus
893 759 1054 828 scriberet
1077 761 1270 851 Κοιρωνίδην.

373 1045 521 1125 Denique
542 1044 576 1110 in
598 1045 693 1128 hujus
715 1042 875 1110 orationis
897 1043 935 1126 ἐξ
958 1045 1018 1109 159
1039 1063 1142 1125 usque
1164 1045 1207 1110 ad
1233 1045 1288 1109 161
1313 1047 1393 1111 haec

290 1146 353 1212 duo
374 1145 596 1213 instrumenta
618 1147 761 1225 exstant,
784 1149 941 1225 separata
962 1143 1073 1210 verbis
1095 1144 1254 1228 oratoriS,
1276 1146 1393 1227 quibus

290 1266 326 1313 se
350 1246 393 1312 ad
414 1245 556 1313 scribam
577 1242 742 1326 publicum
762 1242 882 1309 vertit:

414 1363 480 1446 λέηε
496 1363 549 1450 τὴν
567 1359 747 1447 μαρτυρίαν,
769 1357 874 1424 ἔπειτα
897 1362 949 1448 τὴν
972 1361 1141 1450 πρόκλησιν.

375 1482 377 1488 '
415 1479 584 1566 Μαρτυρία.
626 1478 824 1566 Ἱπποκράτης
846 1477 1059 1563 Ἱπποκράτους
1085 1479 1304 1564 Προβαλίσιος,
1332 1481 1394 1570 Δη-

414 1579 570 1668 μοσθένης
599 1578 812 1667 Δημοσθένους
841 1578 1016 1654 Παιανιεύς,
1048 1577 1200 1667 Διοφάνης
1229 1580 1398 1666 Διοφάνους

415 1678 626 1767 Ἀλωπεκῆθεν,
656 1678 803 1766 Διομένης
829 1676 987 1763 Ἀρχελάου
1017 1678 1253 1767 Κυδαθηναιεύς,
1281 1681 1398 1752 Δεινίας

418 1779 569 1865 Φυρμίδυυ
603 1778 800 1866 Κυδαντίδης,
833 1777 1008 1862 Λυσίμαχος
1042 1778 1197 1843 Λυσίππου
1230 1779 1395 1862 slimecht*

416 1883 607 1964 μαρτυροῦσι
630 1884 769 1963 παρεῖναι
790 1878 823 1942 ἐν
844 1879 960 1964 άγυρρῖ,
983 1876 1026 1942 ὅτ’
1049 1877 1273 1962 Ἀπολλόδωρος
1297 1881 1394 1964 πρού-

415 1981 534 2044 καλεῖτο
566 1978 741 2065 Στέφανον,
770 1979 862 2052 ἀξιῶν
891 1978 1081 2062 παραδοῦναι
1109 1978 1153 2054 εἷς
1178 1979 1313 2061 βάσανον
1343 1981 1398 2049 τὰς

416 2078 617 2164 θεραπαίνας,
653 2080 722 2162 περὶ
756 2077 799 2141 ὧν
832 2075 936 2164 ᾐτιᾶτο
974 2075 1198 2162 Ἀπολλόδωρος
1234 2078 1395 2165 Στέφανον

416 2183 485 2264 περί
515 2178 661 2264 Νεαίρας·
697 2177 857 2263 Στέφανον
893 2177 920 2240 δ’
948 2177 1002 2241 υύκ
1031 2178 1172 2265 ἐθελῆσαι
1204 2181 1394 2264 παραδοῦναι

424 2281 478 2350 τὰς
497 2279 698 2365 θεραπαίνας·
731 2280 782 2366 τὴν
811 2277 846 2341 δὲ
876 2279 1036 2366 πρόκλησιν
1058 2278 1149 2355 εἶναι,
1171 2281 1206 2367 ἣν
1229 2280 1395 2365 παρέχεται

419 2379 646 2464 Ἀπολλόδωρος.

415 2499 480 2582 λέγε
513 2499 551 2585 δὴ
583 2497 677 2584 αὐτὴν
710 2498 762 2584 τὴν
796 2495 970 2582 πρόκλησιν,
1003 2496 1038 2582 ἣν
1071 2496 1303 2583 προύκαλούμην
1335 2496 1394 2578 ἐγὼ

417 2597 575 2682 Στέφανον
599 2595 721 2660 τουτονί.

417 2712 594 2800 Πρόκλησις.
646 2712 722 2776 Τάδε
751 2711 949 2795 προύκαλεῖτο
977 2709 1200 2797 Ἀπολλόδωρος
1226 2712 1394 2799 Στέφανον,

422 2815 490 2899 περί
518 2812 562 2876 ὧν
591 2814 643 2900 την
670 2813 790 2899 γραφὴν
818 2810 994 2895 γέγραπται,
1025 2810 1157 2897 Νέαιραν
1187 2813 1273 2901 ξένην
1301 2812 1395 2877 οὖσαν

420 2914 505 2997 άστῷ
514 2915 668 2987 συνοικεῖν,
681 2912 802 2996 ἕτοιμος
816 2909 860 2974 ὢν
873 2910 927 2980 τὰς
943 2911 1131 2995 θεραπαίνας
1147 2913 1396 2998 παραλαμβάνειν

422 3015 477 3084 τὰς
498 3012 643 3098 Νεαίρας,
665 3013 703 3080 ἃς
721 3011 755 3076 ἐκ
777 3011 925 3096 Μεγάρων
948 3008 1061 3095 ἔχουσα
1082 3010 1170 3099 ἦλθε,
1189 3014 1325 3099 θρᾷτταν
1347 3015 1395 3077 καὶ

420 3113 600 3202 Κοκκαλίνην
632 3114 681 3176 καὶ
709 3113 747 3181 ἃς
778 3111 904 3197 ὕστερον
938 3112 1021 3196 παρὰ
1054 3112 1206 3198 Στεφάνῳ
1240 3113 1394 3201 ἐκτησατο,

420 3214 546 3279 Ξεννίδα
579 3216 627 3278 καί
658 3212 805 3297 Δροσίδα,
839 3213 894 3283 τὰς
922 3212 1036 3282 εἰδυίας
1065 3213 1203 3298 ἀκριβῶς
1234 3215 1303 3297 περὶ
1336 3219 1395 3278 τῶν

418 3315 532 3380 παίδων
561 3320 620 3379 τῶν
646 3313 794 3399 Νεαίρας,
816 3313 862 3378 δτι
890 3313 944 3377 ούκ
972 3313 1005 3378 ἐκ
1035 3313 1195 3400 Στεφάνου
1217 3312 1275 3376 εἶσί
1279 3362 1286 3389 ,
1308 3313 1395 3398 ΙΙρύ-

418 3417 504 3490 ξενύς
531 3418 602 3480 τείν
626 3416 809 3504 τελευτήσας
833 3415 881 3477 καί
909 3412 1046 3498 Ἀρίστων
1068 3415 1085 3474 δ
1108 3417 1159 3476 νῦν
1188 3412 1231 3476 ὢν
1259 3415 1308 3476 καλ
1335 3411 1395 3476 Ἀν-

422 3516 580 3606 τιδωρίδης
599 3518 616 3580 δ
637 3516 866 3600 στασιοδρομῶν
888 3515 936 3578 καί
960 3513 1058 3587 Φανώ,
1080 3511 1128 3599 ἐφ’
1145 3508 1174 3598 ᾦ
1190 3537 1221 3577 τε
1235 3512 1395 3596 βασανίσαι

419 3617 521 3686 αὐτάς.
555 3618 603 3680 καί
632 3616 658 3679 ελ
686 3615 745 3699 μὲν
778 3616 951 3701 ύμυλορυῖεν
983 3613 1017 3677 ἐκ
1045 3612 1207 3699 Στεφάνου
1240 3613 1315 3677 εῖναι
1347 3615 1396 3678 καῖ

417 3716 551 3802 Νεαίρας
578 3717 704 3786 τούτους
729 3714 800 3785 τυδς
819 3716 943 3790 παῖδας,
966 3713 1140 3798 πεπρᾶσθαι
1162 3713 1295 3798 Νέαιραν
1318 3714 1395 3778 κατὰ

419 3815 491 3885 τοὺς
517 3816 630 3898 νόμους
663 3817 711 3878 καλ
748 3814 819 3885 τοὺς
846 3816 957 3884 παῖδας
985 3813 1091 3888 ξένους
1115 3814 1205 3878 εῖναι·
1235 3814 1262 3877 εί
1289 3814 1325 3878 δὲ
1350 3815 1395 3902 μὴ

420 3916 592 4000 ὁμολογοῖεν
628 3915 661 3979 ἐκ
697 3916 809 4003 ταύτης
843 3915 917 3979 εἶναι
959 3914 1085 3990 αύτούς,
1121 3913 1182 3978 ἀλλ’
1220 3914 1257 3988 ἐξ
1288 3914 1399 3997 ἑτέρας

379 4119 387 4147 ¹
404 4117 482 4171 Hanc
499 4115 659 4184 scripturam
681 4131 730 4186 pro
751 4113 799 4169 illa
820 4114 948 4170 librorum
959 4111 1109 4190 ’λίηιοιλεύς
1126 4114 1228 4185 primus
1245 4113 1396 4170 Palmerius

291 4199 424 4255 restituit.
