<?xml version="1.0" encoding="UTF-8"?>
<!DOCTYPE html PUBLIC "-//W3C//DTD XHTML 1.0 Transitional//EN"
    "http://www.w3.org/TR/xhtml1/DTD/xhtml1-transitional.dtd">
<html xmlns="http://www.w3.org/1999/xhtml" xml:lang="en" lang="en">
 <head>
  <title>
</title>
<meta http-equiv="Content-Type" content="text/html;charset=utf-8" />
  <meta name='ocr-system' content='tesseract 3.04.00' />
  <meta name='ocr-capabilities' content='ocr_page ocr_carea ocr_par ocr_line ocrx_word'/>
</head>
<body>
  <div class='ocr_page' id='page_1' title='image "./delitisinstrume00staegoog_0027.png"; bbox 0 0 3236 4924; ppageno 0'>
   <div class='ocr_carea' id='block_1_1' title="bbox 827 367 867 426">
    <p class='ocr_par' dir='ltr' id='par_1_1' title="bbox 827 367 867 426">
     <span class='ocr_line' id='line_1_1' title="bbox 827 367 867 426; baseline 0 0"><span class='ocrx_word' id='word_1_1' title='bbox 827 367 867 426; x_wconf 80' lang='lat'>22</span> 
     </span>
    </p>
   </div>
   <div class='ocr_carea' id='block_1_2' title="bbox 297 562 1406 2152">
    <p class='ocr_par' dir='ltr' id='par_1_2' title="bbox 297 562 1406 2152">
     <span class='ocr_line' id='line_1_2' title="bbox 297 562 1402 646; baseline -0.002 -17"><span class='ocrx_word' id='word_1_2' title='bbox 297 563 392 630; x_wconf 93' lang='lat' dir='ltr'>immo</span> <span class='ocrx_word' id='word_1_3' title='bbox 429 563 610 646; x_wconf 84' lang='lat' dir='ltr'>complures</span> <span class='ocrx_word' id='word_1_4' title='bbox 646 562 709 629; x_wconf 88' lang='lat' dir='ltr'>loci</span> <span class='ocrx_word' id='word_1_5' title='bbox 741 564 893 645; x_wconf 82' lang='lat' dir='ltr'>obstant,</span> <span class='ocrx_word' id='word_1_6' title='bbox 926 562 1043 643; x_wconf 89' lang='lat' dir='ltr'>quibus</span> <span class='ocrx_word' id='word_1_7' title='bbox 1079 581 1242 644; x_wconf 82' lang='lat' dir='ltr'>pauperes</span> <span class='ocrx_word' id='word_1_8' title='bbox 1274 581 1402 644; x_wconf 86' lang='lat' dir='ltr'>quoque</span> 
     </span>
     <span class='ocr_line' id='line_1_3' title="bbox 297 661 1400 748; baseline -0.004 -20"><span class='ocrx_word' id='word_1_9' title='bbox 297 664 425 745; x_wconf 90' lang='lat' dir='ltr'>puellae</span> <span class='ocrx_word' id='word_1_10' title='bbox 458 663 615 746; x_wconf 80' lang='lat' dir='ltr'><strong>proximis</strong></span> <span class='ocrx_word' id='word_1_11' title='bbox 649 662 784 744; x_wconf 80' lang='lat' dir='ltr'>agnatis</span> <span class='ocrx_word' id='word_1_12' title='bbox 817 667 968 728; x_wconf 84' lang='lat' dir='ltr'>carentes</span> <span class='ocrx_word' id='word_1_13' title='bbox 1000 661 1210 728; x_wconf 84' lang='lat' dir='ltr'>nominantur</span> <span class='ocrx_word' id='word_1_14' title='bbox 1242 661 1400 748; x_wconf 78' lang='grc' dir='ltr'><em>ἐπίκληρυι.</em></span> 
     </span>
     <span class='ocr_line' id='line_1_4' title="bbox 297 760 1402 845; baseline -0.002 -17"><span class='ocrx_word' id='word_1_15' title='bbox 297 762 375 828; x_wconf 84' lang='lat' dir='ltr'>Aba</span> <span class='ocrx_word' id='word_1_16' title='bbox 402 763 531 830; x_wconf 90' lang='lat' dir='ltr'>ratione</span> <span class='ocrx_word' id='word_1_17' title='bbox 563 765 604 830; x_wconf 92' lang='lat' dir='ltr'>K.</span> <span class='ocrx_word' id='word_1_18' title='bbox 634 763 692 829; x_wconf 87' lang='lat' dir='ltr'>Fr.</span> <span class='ocrx_word' id='word_1_19' title='bbox 719 763 950 829; x_wconf 87' lang='lat' dir='ltr'>Hermannus¹</span> <span class='ocrx_word' id='word_1_20' title='bbox 979 781 1090 830; x_wconf 90' lang='lat' dir='ltr'>vocem</span> <span class='ocrx_word' id='word_1_21' title='bbox 1123 760 1302 845; x_wconf 81' lang='lat' dir='ltr'>intellegit,</span> <span class='ocrx_word' id='word_1_22' title='bbox 1330 780 1402 828; x_wconf 90' lang='lat' dir='ltr'>cum</span> 
     </span>
     <span class='ocr_line' id='line_1_5' title="bbox 298 861 1402 947; baseline 0 -19"><span class='ocrx_word' id='word_1_23' title='bbox 298 863 475 928; x_wconf 86' lang='lat' dir='ltr'>contendat</span> <span class='ocrx_word' id='word_1_24' title='bbox 489 864 599 947; x_wconf 88' lang='lat' dir='ltr'>filiam,</span> <span class='ocrx_word' id='word_1_25' title='bbox 622 861 675 929; x_wconf 90' lang='grc'>111</span> <span class='ocrx_word' id='word_1_26' title='bbox 695 881 801 944; x_wconf 90' lang='lat' dir='ltr'>neque</span> <span class='ocrx_word' id='word_1_27' title='bbox 822 867 919 944; x_wconf 89' lang='lat' dir='ltr'>pater</span> <span class='ocrx_word' id='word_1_28' title='bbox 941 881 1045 944; x_wconf 89' lang='lat' dir='ltr'>neque</span> <span class='ocrx_word' id='word_1_29' title='bbox 1066 863 1299 944; x_wconf 88' lang='lat' dir='ltr'>fraterneque</span> <span class='ocrx_word' id='word_1_30' title='bbox 1321 881 1402 928; x_wconf 91' lang='lat' dir='ltr'>avus</span> 
     </span>
     <span class='ocr_line' id='line_1_6' title="bbox 298 961 1403 1049; baseline -0.001 -21"><span class='ocrx_word' id='word_1_31' title='bbox 298 962 397 1046; x_wconf 88' lang='lat' dir='ltr'>adsit,</span> <span class='ocrx_word' id='word_1_32' title='bbox 420 962 470 1028; x_wconf 92' lang='lat' dir='ltr'>ita</span> <span class='ocrx_word' id='word_1_33' title='bbox 491 967 621 1030; x_wconf 92' lang='lat' dir='ltr'>tantum</span> <span class='ocrx_word' id='word_1_34' title='bbox 642 982 707 1028; x_wconf 92' lang='lat' dir='ltr'>non</span> <span class='ocrx_word' id='word_1_35' title='bbox 728 962 887 1049; x_wconf 76' lang='grc' dir='ltr'><em>ἐπίκληρον</em></span> <span class='ocrx_word' id='word_1_36' title='bbox 909 981 982 1028; x_wconf 86' lang='grc'>1111</span> <span class='ocrx_word' id='word_1_37' title='bbox 1004 981 1118 1045; x_wconf 90' lang='lat' dir='ltr'>posse,</span> <span class='ocrx_word' id='word_1_38' title='bbox 1141 962 1170 1028; x_wconf 94' lang='lat' dir='ltr'>si</span> <span class='ocrx_word' id='word_1_39' title='bbox 1190 963 1298 1028; x_wconf 85' lang='lat' dir='ltr'>frater</span> <span class='ocrx_word' id='word_1_40' title='bbox 1319 961 1403 1028; x_wconf 92' lang='lat' dir='ltr'>filios</span> 
     </span>
     <span class='ocr_line' id='line_1_7' title="bbox 298 1061 1404 1145; baseline -0.001 -17"><span class='ocrx_word' id='word_1_41' title='bbox 298 1061 332 1128; x_wconf 93' lang='lat' dir='ltr'>in</span> <span class='ocrx_word' id='word_1_42' title='bbox 354 1062 462 1128; x_wconf 88' lang='lat' dir='ltr'>aliena</span> <span class='ocrx_word' id='word_1_43' title='bbox 483 1063 589 1129; x_wconf 93' lang='lat' dir='ltr'>tutela</span> <span class='ocrx_word' id='word_1_44' title='bbox 609 1063 791 1145; x_wconf 87' lang='lat' dir='ltr'>reliquerit,</span> <span class='ocrx_word' id='word_1_45' title='bbox 815 1063 880 1145; x_wconf 93' lang='lat' dir='ltr'>qui,</span> <span class='ocrx_word' id='word_1_46' title='bbox 904 1063 968 1129; x_wconf 90' lang='lat' dir='ltr'>etsi</span> <span class='ocrx_word' id='word_1_47' title='bbox 989 1064 1075 1128; x_wconf 90' lang='lat' dir='ltr'>bona</span> <span class='ocrx_word' id='word_1_48' title='bbox 1088 1061 1293 1128; x_wconf 87' lang='lat' dir='ltr'>hereditaria</span> <span class='ocrx_word' id='word_1_49' title='bbox 1314 1081 1404 1128; x_wconf 88' lang='lat' dir='ltr'>acce-</span> 
     </span>
     <span class='ocr_line' id='line_1_8' title="bbox 297 1161 1403 1247; baseline 0 -19"><span class='ocrx_word' id='word_1_50' title='bbox 297 1161 421 1244; x_wconf 91' lang='lat' dir='ltr'>perint,</span> <span class='ocrx_word' id='word_1_51' title='bbox 452 1162 550 1247; x_wconf 80' lang='grc' dir='ltr'><em>κύριοι</em></span> <span class='ocrx_word' id='word_1_52' title='bbox 576 1167 687 1229; x_wconf 90' lang='lat' dir='ltr'>tamen</span> <span class='ocrx_word' id='word_1_53' title='bbox 715 1163 860 1229; x_wconf 90' lang='lat' dir='ltr'>mulieris</span> <span class='ocrx_word' id='word_1_54' title='bbox 887 1180 1049 1229; x_wconf 89' lang='lat' dir='ltr'>essenon</span> <span class='ocrx_word' id='word_1_55' title='bbox 1075 1161 1213 1244; x_wconf 89' lang='lat' dir='ltr'>possint.</span> <span class='ocrx_word' id='word_1_56' title='bbox 1267 1161 1339 1245; x_wconf 83' lang='lat' dir='ltr'>Qua</span> <span class='ocrx_word' id='word_1_57' title='bbox 1369 1162 1403 1228; x_wconf 93' lang='lat' dir='ltr'>in</span> 
     </span>
     <span class='ocr_line' id='line_1_9' title="bbox 297 1261 1405 1344; baseline 0.002 -18"><span class='ocrx_word' id='word_1_58' title='bbox 297 1261 574 1344; x_wconf 87' lang='lat' dir='ltr'>interpretatione</span> <span class='ocrx_word' id='word_1_59' title='bbox 605 1261 774 1328; x_wconf 90' lang='lat' dir='ltr'>subtiliter</span> <span class='ocrx_word' id='word_1_60' title='bbox 806 1263 1011 1344; x_wconf 87' lang='lat' dir='ltr'>excogitata,</span> <span class='ocrx_word' id='word_1_61' title='bbox 1045 1281 1141 1344; x_wconf 88' lang='lat' dir='ltr'>quam</span> <span class='ocrx_word' id='word_1_62' title='bbox 1163 1261 1405 1328; x_wconf 77' lang='lat' dir='ltr'>Thalheimius²</span> 
     </span>
     <span class='ocr_line' id='line_1_10' title="bbox 298 1361 1405 1446; baseline 0.001 -18"><span class='ocrx_word' id='word_1_63' title='bbox 298 1382 426 1445; x_wconf 87' lang='lat' dir='ltr'>quoque</span> <span class='ocrx_word' id='word_1_64' title='bbox 447 1363 618 1444; x_wconf 89' lang='lat' dir='ltr'>probavit,</span> <span class='ocrx_word' id='word_1_65' title='bbox 650 1363 685 1428; x_wconf 94' lang='lat' dir='ltr'>id</span> <span class='ocrx_word' id='word_1_66' title='bbox 717 1381 816 1428; x_wconf 87' lang='grc'>111111</span> <span class='ocrx_word' id='word_1_67' title='bbox 847 1361 926 1427; x_wconf 93' lang='lat' dir='ltr'>mihi</span> <span class='ocrx_word' id='word_1_68' title='bbox 958 1361 1144 1445; x_wconf 88' lang='lat' dir='ltr'>scrupulum</span> <span class='ocrx_word' id='word_1_69' title='bbox 1172 1368 1297 1446; x_wconf 89' lang='lat' dir='ltr'>movet,</span> <span class='ocrx_word' id='word_1_70' title='bbox 1319 1364 1405 1444; x_wconf 91' lang='lat' dir='ltr'>quod</span> 
     </span>
     <span class='ocr_line' id='line_1_11' title="bbox 298 1461 1405 1546; baseline 0 -18"><span class='ocrx_word' id='word_1_71' title='bbox 298 1463 352 1529; x_wconf 90' lang='lat' dir='ltr'>lex</span> <span class='ocrx_word' id='word_1_72' title='bbox 373 1481 437 1528; x_wconf 92' lang='lat' dir='ltr'>non</span> <span class='ocrx_word' id='word_1_73' title='bbox 459 1468 549 1528; x_wconf 90' lang='lat' dir='ltr'>esset</span> <span class='ocrx_word' id='word_1_74' title='bbox 570 1462 720 1546; x_wconf 88' lang='lat' dir='ltr'>integra,</span> <span class='ocrx_word' id='word_1_75' title='bbox 744 1482 816 1528; x_wconf 83' lang='lat' dir='ltr'>cunr</span> <span class='ocrx_word' id='word_1_76' title='bbox 836 1461 1010 1546; x_wconf 87' lang='lat' dir='ltr'>legislator</span> <span class='ocrx_word' id='word_1_77' title='bbox 1031 1481 1096 1529; x_wconf 91' lang='lat' dir='ltr'>non</span> <span class='ocrx_word' id='word_1_78' title='bbox 1118 1465 1296 1546; x_wconf 88' lang='lat' dir='ltr'>statueret,</span> <span class='ocrx_word' id='word_1_79' title='bbox 1327 1462 1405 1544; x_wconf 90' lang='lat' dir='ltr'>quid</span> 
     </span>
     <span class='ocr_line' id='line_1_12' title="bbox 298 1560 1404 1644; baseline 0.002 -16"><span class='ocrx_word' id='word_1_80' title='bbox 298 1561 371 1628; x_wconf 89' lang='lat' dir='ltr'>fieri</span> <span class='ocrx_word' id='word_1_81' title='bbox 392 1566 571 1644; x_wconf 88' lang='lat' dir='ltr'>oporteret,</span> <span class='ocrx_word' id='word_1_82' title='bbox 593 1561 622 1628; x_wconf 89' lang='lat' dir='ltr'>si</span> <span class='ocrx_word' id='word_1_83' title='bbox 643 1560 751 1628; x_wconf 84' lang='lat' dir='ltr'>frater</span> <span class='ocrx_word' id='word_1_84' title='bbox 766 1567 914 1629; x_wconf 91' lang='lat' dir='ltr'>mortuus</span> <span class='ocrx_word' id='word_1_85' title='bbox 929 1566 1072 1629; x_wconf 91' lang='lat' dir='ltr'>tutorem</span> <span class='ocrx_word' id='word_1_86' title='bbox 1087 1581 1152 1628; x_wconf 91' lang='lat' dir='ltr'>non</span> <span class='ocrx_word' id='word_1_87' title='bbox 1168 1562 1404 1630; x_wconf 88' lang='lat' dir='ltr'>constituisset.</span> 
     </span>
     <span class='ocr_line' id='line_1_13' title="bbox 299 1662 1404 1745; baseline -0.001 -15"><span class='ocrx_word' id='word_1_88' title='bbox 299 1664 457 1730; x_wconf 89' lang='lat' dir='ltr'>Attamen</span> <span class='ocrx_word' id='word_1_89' title='bbox 493 1664 701 1730; x_wconf 91' lang='lat' dir='ltr'>Hermannus</span> <span class='ocrx_word' id='word_1_90' title='bbox 739 1665 874 1730; x_wconf 90' lang='lat' dir='ltr'>multum</span> <span class='ocrx_word' id='word_1_91' title='bbox 906 1663 1048 1744; x_wconf 89' lang='lat' dir='ltr'>profecit</span> <span class='ocrx_word' id='word_1_92' title='bbox 1080 1662 1297 1745; x_wconf 87' lang='lat' dir='ltr'>explicatione</span> <span class='ocrx_word' id='word_1_93' title='bbox 1329 1682 1404 1729; x_wconf 89' lang='lat' dir='ltr'>sua:</span> 
     </span>
     <span class='ocr_line' id='line_1_14' title="bbox 299 1762 1403 1848; baseline 0 -20"><span class='ocrx_word' id='word_1_94' title='bbox 299 1781 376 1828; x_wconf 90' lang='lat' dir='ltr'>nam</span> <span class='ocrx_word' id='word_1_95' title='bbox 391 1762 515 1845; x_wconf 90' lang='lat' dir='ltr'>primus</span> <span class='ocrx_word' id='word_1_96' title='bbox 530 1763 779 1847; x_wconf 88' lang='lat' dir='ltr'>demonstravit,</span> <span class='ocrx_word' id='word_1_97' title='bbox 795 1764 940 1830; x_wconf 88' lang='lat' dir='ltr'>hocloco</span> <span class='ocrx_word' id='word_1_98' title='bbox 955 1764 1059 1848; x_wconf 79' lang='grc' dir='ltr'><em>κύριον</em></span> <span class='ocrx_word' id='word_1_99' title='bbox 1074 1782 1225 1830; x_wconf 86' lang='lat' dir='ltr'>essenon</span> <span class='ocrx_word' id='word_1_100' title='bbox 1240 1763 1403 1846; x_wconf 90' lang='lat' dir='ltr'>maritum,</span> 
     </span>
     <span class='ocr_line' id='line_1_15' title="bbox 300 1862 1404 1948; baseline 0.001 -19"><span class='ocrx_word' id='word_1_101' title='bbox 300 1863 358 1929; x_wconf 90' lang='lat' dir='ltr'>sed</span> <span class='ocrx_word' id='word_1_102' title='bbox 375 1866 544 1947; x_wconf 85' lang='lat' dir='ltr'>tutorem,³</span> <span class='ocrx_word' id='word_1_103' title='bbox 558 1883 664 1946; x_wconf 91' lang='lat' dir='ltr'>neque</span> <span class='ocrx_word' id='word_1_104' title='bbox 678 1882 791 1930; x_wconf 86' lang='lat' dir='ltr'>vocem</span> <span class='ocrx_word' id='word_1_105' title='bbox 806 1863 976 1948; x_wconf 81' lang='grc' dir='ltr'><em>ἐπιτρέπειν</em></span> <span class='ocrx_word' id='word_1_106' title='bbox 988 1863 1112 1928; x_wconf 88' lang='lat' dir='ltr'>hahere</span> <span class='ocrx_word' id='word_1_107' title='bbox 1130 1862 1404 1946; x_wconf 89' lang='lat' dir='ltr'>significationem</span> 
     </span>
     <span class='ocr_line' id='line_1_16' title="bbox 301 1963 1406 2048; baseline -0.001 -19"><span class='ocrx_word' id='word_1_108' title='bbox 301 1963 534 2048; x_wconf 90' lang='lat' dir='ltr'>despondendi,</span> <span class='ocrx_word' id='word_1_109' title='bbox 556 1964 614 2030; x_wconf 93' lang='lat' dir='ltr'>sed</span> <span class='ocrx_word' id='word_1_110' title='bbox 635 1963 871 2047; x_wconf 87' lang='lat' dir='ltr'>committendi,</span> <span class='ocrx_word' id='word_1_111' title='bbox 893 1981 998 2044; x_wconf 88' lang='lat' dir='ltr'>neque</span> <span class='ocrx_word' id='word_1_112' title='bbox 1020 1963 1201 2046; x_wconf 88' lang='lat' dir='ltr'>subjectum</span> <span class='ocrx_word' id='word_1_113' title='bbox 1223 1963 1313 2031; x_wconf 82' lang='lat' dir='ltr'>vacis</span> <span class='ocrx_word' id='word_1_114' title='bbox 1340 1964 1406 2028; x_wconf 84' lang='grc' dir='ltr'><em>ἐπι-</em></span> 
     </span>
     <span class='ocr_line' id='line_1_17' title="bbox 303 2063 1267 2152; baseline 0.001 -26"><span class='ocrx_word' id='word_1_115' title='bbox 303 2063 400 2152; x_wconf 68' lang='grc' dir='ltr'><em>τρέψῃ</em></span> <span class='ocrx_word' id='word_1_116' title='bbox 422 2082 495 2130; x_wconf 89' lang='grc'>1111</span> <span class='ocrx_word' id='word_1_117' title='bbox 517 2081 613 2150; x_wconf 86' lang='lat' dir='ltr'>posse</span> <span class='ocrx_word' id='word_1_118' title='bbox 634 2064 801 2152; x_wconf 73' lang='grc' dir='ltr'><em>ἐπίκληρος,</em></span> <span class='ocrx_word' id='word_1_119' title='bbox 824 2063 882 2130; x_wconf 93' lang='lat' dir='ltr'>sed</span> <span class='ocrx_word' id='word_1_120' title='bbox 904 2082 976 2129; x_wconf 88' lang='grc'>1111</span> <span class='ocrx_word' id='word_1_121' title='bbox 999 2064 1118 2129; x_wconf 89' lang='lat' dir='ltr'>debere</span> <span class='ocrx_word' id='word_1_122' title='bbox 1140 2064 1267 2148; x_wconf 58' lang='lat' dir='ltr'>rutpcog.⁸</span> 
     </span>
    </p>
   </div>
   <div class='ocr_carea' id='block_1_3' title="bbox 300 2195 1477 3282">
    <p class='ocr_par' dir='ltr' id='par_1_3' title="bbox 300 2195 1477 3282">
     <span class='ocr_line' id='line_1_18' title="bbox 383 2195 1408 2278; baseline 0.002 -16"><span class='ocrx_word' id='word_1_123' title='bbox 383 2195 445 2262; x_wconf 88' lang='lat' dir='ltr'>His</span> <span class='ocrx_word' id='word_1_124' title='bbox 477 2200 588 2262; x_wconf 90' lang='lat' dir='ltr'>autem</span> <span class='ocrx_word' id='word_1_125' title='bbox 619 2195 684 2262; x_wconf 90' lang='lat' dir='ltr'>viri</span> <span class='ocrx_word' id='word_1_126' title='bbox 716 2195 895 2263; x_wconf 82' lang='lat' dir='ltr'>doctissimi</span> <span class='ocrx_word' id='word_1_127' title='bbox 933 2195 1108 2262; x_wconf 86' lang='lat' dir='ltr'>sententiis</span> <span class='ocrx_word' id='word_1_128' title='bbox 1140 2197 1289 2278; x_wconf 86' lang='lat' dir='ltr'>probatis</span> <span class='ocrx_word' id='word_1_129' title='bbox 1328 2197 1408 2264; x_wconf 91' lang='lat' dir='ltr'>mihi</span> 
     </span>
     <span class='ocr_line' id='line_1_19' title="bbox 300 2295 1408 2378; baseline 0.001 -16"><span class='ocrx_word' id='word_1_130' title='bbox 300 2295 433 2363; x_wconf 86' lang='lat' dir='ltr'>videtur</span> <span class='ocrx_word' id='word_1_131' title='bbox 465 2297 533 2362; x_wconf 90' lang='lat' dir='ltr'>alia</span> <span class='ocrx_word' id='word_1_132' title='bbox 564 2296 693 2364; x_wconf 90' lang='lat' dir='ltr'>ratione</span> <span class='ocrx_word' id='word_1_133' title='bbox 725 2298 814 2362; x_wconf 87' lang='lat' dir='ltr'>locus</span> <span class='ocrx_word' id='word_1_134' title='bbox 855 2295 977 2377; x_wconf 93' lang='lat' dir='ltr'>optime</span> <span class='ocrx_word' id='word_1_135' title='bbox 1007 2295 1155 2378; x_wconf 88' lang='lat' dir='ltr'>expediri</span> <span class='ocrx_word' id='word_1_136' title='bbox 1184 2315 1289 2378; x_wconf 87' lang='lat' dir='ltr'>posse.</span> <span class='ocrx_word' id='word_1_137' title='bbox 1347 2298 1408 2363; x_wconf 86' lang='lat' dir='ltr'>Le·</span> 
     </span>
     <span class='ocr_line' id='line_1_20' title="bbox 301 2396 1408 2480; baseline 0 -18"><span class='ocrx_word' id='word_1_138' title='bbox 301 2396 442 2480; x_wconf 91' lang='lat' dir='ltr'>gislator</span> <span class='ocrx_word' id='word_1_139' title='bbox 463 2415 665 2480; x_wconf 88' lang='lat' dir='ltr'>quacumque</span> <span class='ocrx_word' id='word_1_140' title='bbox 685 2398 815 2464; x_wconf 87' lang='lat' dir='ltr'>ratione</span> <span class='ocrx_word' id='word_1_141' title='bbox 840 2397 972 2463; x_wconf 87' lang='lat' dir='ltr'>filiabus</span> <span class='ocrx_word' id='word_1_142' title='bbox 998 2397 1208 2463; x_wconf 89' lang='lat' dir='ltr'>hereditariis</span> <span class='ocrx_word' id='word_1_143' title='bbox 1235 2397 1408 2479; x_wconf 86' lang='lat' dir='ltr'>prospexit</span> 
     </span>
     <span class='ocr_line' id='line_1_21' title="bbox 301 2497 1409 2581; baseline -0.001 -18"><span class='ocrx_word' id='word_1_144' title='bbox 301 2502 335 2563; x_wconf 94' lang='lat' dir='ltr'>et</span> <span class='ocrx_word' id='word_1_145' title='bbox 366 2517 462 2580; x_wconf 89' lang='lat' dir='ltr'>quam</span> <span class='ocrx_word' id='word_1_146' title='bbox 493 2497 633 2565; x_wconf 89' lang='lat' dir='ltr'>maxime</span> <span class='ocrx_word' id='word_1_147' title='bbox 665 2498 806 2581; x_wconf 88' lang='lat' dir='ltr'>curavit,</span> <span class='ocrx_word' id='word_1_148' title='bbox 837 2517 881 2563; x_wconf 91' lang='lat' dir='ltr'>ne</span> <span class='ocrx_word' id='word_1_149' title='bbox 917 2516 1056 2577; x_wconf 90' lang='lat' dir='ltr'>unquam</span> <span class='ocrx_word' id='word_1_150' title='bbox 1089 2502 1199 2563; x_wconf 91' lang='lat' dir='ltr'>tutore</span> <span class='ocrx_word' id='word_1_151' title='bbox 1232 2501 1409 2563; x_wconf 61' lang='lat' dir='ltr'>carerent.⁵</span> 
     </span>
     <span class='ocr_line' id='line_1_22' title="bbox 302 2597 1409 2682; baseline -0.002 -18"><span class='ocrx_word' id='word_1_152' title='bbox 302 2597 387 2680; x_wconf 81' lang='lat' dir='ltr'>Quid</span> <span class='ocrx_word' id='word_1_153' title='bbox 409 2603 529 2682; x_wconf 90' lang='lat' dir='ltr'>autem,</span> <span class='ocrx_word' id='word_1_154' title='bbox 552 2597 636 2665; x_wconf 92' lang='lat' dir='ltr'>siin</span> <span class='ocrx_word' id='word_1_155' title='bbox 657 2599 765 2680; x_wconf 91' lang='lat' dir='ltr'>domo,</span> <span class='ocrx_word' id='word_1_156' title='bbox 787 2598 822 2664; x_wconf 93' lang='lat' dir='ltr'>in</span> <span class='ocrx_word' id='word_1_157' title='bbox 844 2615 908 2678; x_wconf 88' lang='lat' dir='ltr'>qua</span> <span class='ocrx_word' id='word_1_158' title='bbox 929 2601 1065 2678; x_wconf 88' lang='lat' dir='ltr'>praeter</span> <span class='ocrx_word' id='word_1_159' title='bbox 1093 2597 1193 2662; x_wconf 91' lang='lat' dir='ltr'>filiam</span> <span class='ocrx_word' id='word_1_160' title='bbox 1222 2615 1330 2680; x_wconf 89' lang='lat' dir='ltr'>nemo,</span> <span class='ocrx_word' id='word_1_161' title='bbox 1353 2597 1409 2678; x_wconf 91' lang='lat' dir='ltr'>qui</span> 
     </span>
     <span class='ocr_line' id='line_1_23' title="bbox 302 2696 1408 2782; baseline 0.001 -20"><span class='ocrx_word' id='word_1_162' title='bbox 302 2698 431 2780; x_wconf 90' lang='lat' dir='ltr'>quidem</span> <span class='ocrx_word' id='word_1_163' title='bbox 452 2697 606 2782; x_wconf 89' lang='lat' dir='ltr'>suijuris</span> <span class='ocrx_word' id='word_1_164' title='bbox 627 2697 682 2777; x_wconf 89' lang='lat' dir='ltr'>sit,</span> <span class='ocrx_word' id='word_1_165' title='bbox 704 2696 768 2764; x_wconf 90' lang='lat' dir='ltr'>nisi</span> <span class='ocrx_word' id='word_1_166' title='bbox 789 2697 896 2762; x_wconf 87' lang='grc'>111111</span> <span class='ocrx_word' id='word_1_167' title='bbox 917 2701 1037 2780; x_wconf 90' lang='lat' dir='ltr'>exstet,</span> <span class='ocrx_word' id='word_1_168' title='bbox 1059 2698 1167 2764; x_wconf 82' lang='lat' dir='ltr'>frater</span> <span class='ocrx_word' id='word_1_169' title='bbox 1181 2697 1252 2780; x_wconf 91' lang='lat' dir='ltr'>ipse</span> <span class='ocrx_word' id='word_1_170' title='bbox 1267 2698 1408 2764; x_wconf 87' lang='lat' dir='ltr'>Athenis</span> 
     </span>
     <span class='ocr_line' id='line_1_24' title="bbox 300 2796 1408 2880; baseline -0.001 -16"><span class='ocrx_word' id='word_1_171' title='bbox 300 2798 335 2864; x_wconf 91' lang='lat' dir='ltr'>in</span> <span class='ocrx_word' id='word_1_172' title='bbox 360 2799 541 2880; x_wconf 89' lang='lat' dir='ltr'>complures</span> <span class='ocrx_word' id='word_1_173' title='bbox 570 2815 697 2864; x_wconf 88' lang='lat' dir='ltr'>menses</span> <span class='ocrx_word' id='word_1_174' title='bbox 719 2798 772 2863; x_wconf 91' lang='lat' dir='ltr'>vel</span> <span class='ocrx_word' id='word_1_175' title='bbox 802 2796 902 2862; x_wconf 91' lang='lat' dir='ltr'>etiam</span> <span class='ocrx_word' id='word_1_176' title='bbox 931 2815 1034 2863; x_wconf 86' lang='lat' dir='ltr'>annos</span> <span class='ocrx_word' id='word_1_177' title='bbox 1063 2797 1127 2863; x_wconf 90' lang='lat' dir='ltr'>alio</span> <span class='ocrx_word' id='word_1_178' title='bbox 1157 2797 1408 2880; x_wconf 82' lang='lat' dir='ltr'>proficiscatur?</span> 
     </span>
     <span class='ocr_line' id='line_1_25' title="bbox 301 2896 1477 2981; baseline 0 -18"><span class='ocrx_word' id='word_1_179' title='bbox 301 2916 407 2964; x_wconf 92' lang='lat' dir='ltr'>nonne</span> <span class='ocrx_word' id='word_1_180' title='bbox 429 2903 497 2964; x_wconf 91' lang='lat' dir='ltr'>tum</span> <span class='ocrx_word' id='word_1_181' title='bbox 520 2897 636 2964; x_wconf 90' lang='lat' dir='ltr'>mulier</span> <span class='ocrx_word' id='word_1_182' title='bbox 666 2902 718 2963; x_wconf 90' lang='lat' dir='ltr'>est</span> <span class='ocrx_word' id='word_1_183' title='bbox 744 2896 900 2978; x_wconf 86' lang='lat' dir='ltr'>proximis</span> <span class='ocrx_word' id='word_1_184' title='bbox 928 2897 1063 2978; x_wconf 88' lang='lat' dir='ltr'>agnatis</span> <span class='ocrx_word' id='word_1_185' title='bbox 1093 2897 1270 2981; x_wconf 90' lang='lat' dir='ltr'>destituta,</span> <span class='ocrx_word' id='word_1_186' title='bbox 1300 2917 1409 2979; x_wconf 89' lang='lat' dir='ltr'>quam·</span> <span class='ocrx_word' id='word_1_187' title='bbox 1475 2921 1477 2924; x_wconf 49' lang='lat'><strong><em>¹</em></strong></span> 
     </span>
     <span class='ocr_line' id='line_1_26' title="bbox 302 2997 1409 3085; baseline 0.001 -22"><span class='ocrx_word' id='word_1_188' title='bbox 302 3016 398 3079; x_wconf 88' lang='lat' dir='ltr'>quam</span> <span class='ocrx_word' id='word_1_189' title='bbox 419 3017 484 3064; x_wconf 92' lang='lat' dir='ltr'>non</span> <span class='ocrx_word' id='word_1_190' title='bbox 511 3004 563 3064; x_wconf 89' lang='lat' dir='ltr'>est</span> <span class='ocrx_word' id='word_1_191' title='bbox 593 2997 773 3085; x_wconf 67' lang='grc' dir='ltr'><em>ἐπίκληροςῗ</em></span> <span class='ocrx_word' id='word_1_192' title='bbox 827 2997 989 3063; x_wconf 83' lang='lat' dir='ltr'>Fortasse</span> <span class='ocrx_word' id='word_1_193' title='bbox 1022 3002 1132 3064; x_wconf 90' lang='lat' dir='ltr'>autem</span> <span class='ocrx_word' id='word_1_194' title='bbox 1164 2997 1249 3063; x_wconf 93' lang='lat' dir='ltr'>aliae</span> <span class='ocrx_word' id='word_1_195' title='bbox 1281 3017 1409 3080; x_wconf 88' lang='lat' dir='ltr'>quoque</span> 
     </span>
     <span class='ocr_line' id='line_1_27' title="bbox 302 3097 1399 3182; baseline 0.002 -20"><span class='ocrx_word' id='word_1_196' title='bbox 302 3097 507 3164; x_wconf 88' lang='lat' dir='ltr'>condiciones</span> <span class='ocrx_word' id='word_1_197' title='bbox 529 3097 671 3181; x_wconf 89' lang='lat' dir='ltr'>reperiri</span> <span class='ocrx_word' id='word_1_198' title='bbox 691 3103 845 3182; x_wconf 90' lang='lat' dir='ltr'>possunt,</span> <span class='ocrx_word' id='word_1_199' title='bbox 874 3097 990 3178; x_wconf 86' lang='lat' dir='ltr'>quibus</span> <span class='ocrx_word' id='word_1_200' title='bbox 1018 3117 1073 3164; x_wconf 91' lang='lat' dir='ltr'>res</span> <span class='ocrx_word' id='word_1_201' title='bbox 1100 3099 1149 3165; x_wconf 93' lang='lat' dir='ltr'>ita</span> <span class='ocrx_word' id='word_1_202' title='bbox 1176 3118 1249 3164; x_wconf 91' lang='lat' dir='ltr'>sese</span> <span class='ocrx_word' id='word_1_203' title='bbox 1277 3100 1399 3164; x_wconf 94' lang='lat' dir='ltr'>habeat</span> 
     </span>
     <span class='ocr_line' id='line_1_28' title="bbox 302 3197 1407 3282; baseline 0.003 -19"><span class='ocrx_word' id='word_1_204' title='bbox 302 3197 384 3264; x_wconf 87' lang='lat' dir='ltr'>Mihi</span> <span class='ocrx_word' id='word_1_205' title='bbox 405 3197 510 3281; x_wconf 88' lang='lat' dir='ltr'>igitur</span> <span class='ocrx_word' id='word_1_206' title='bbox 532 3202 762 3282; x_wconf 86' lang='lat' dir='ltr'>argumentum</span> <span class='ocrx_word' id='word_1_207' title='bbox 784 3199 878 3282; x_wconf 84' lang='lat' dir='ltr'>hujus</span> <span class='ocrx_word' id='word_1_208' title='bbox 900 3198 1060 3264; x_wconf 87' lang='lat' dir='ltr'>formulae</span> <span class='ocrx_word' id='word_1_209' title='bbox 1080 3199 1142 3266; x_wconf 87' lang='lat' dir='ltr'>hoc</span> <span class='ocrx_word' id='word_1_210' title='bbox 1163 3199 1296 3276; x_wconf 86' lang='lat' dir='ltr'>videtur</span> <span class='ocrx_word' id='word_1_211' title='bbox 1319 3218 1407 3266; x_wconf 87' lang='lat' dir='ltr'>esse:</span> 
     </span>
    </p>
   </div>
   <div class='ocr_carea' id='block_1_4' title="bbox 302 3365 1411 4271">
    <p class='ocr_par' dir='ltr' id='par_1_4' title="bbox 302 3365 1410 3588">
     <span class='ocr_line' id='line_1_29' title="bbox 387 3365 1408 3435; baseline -0.003 -14"><span class='ocrx_word' id='word_1_212' title='bbox 387 3371 395 3398; x_wconf 92' lang='lat'><strong>¹</strong></span> <span class='ocrx_word' id='word_1_213' title='bbox 415 3365 449 3421; x_wconf 84' lang='grc'>11.</span> <span class='ocrx_word' id='word_1_214' title='bbox 464 3365 534 3435; x_wconf 89' lang='lat' dir='ltr'>juris</span> <span class='ocrx_word' id='word_1_215' title='bbox 551 3365 692 3421; x_wconf 89' lang='lat' dir='ltr'>domestici</span> <span class='ocrx_word' id='word_1_216' title='bbox 711 3371 739 3420; x_wconf 92' lang='lat' dir='ltr'>et</span> <span class='ocrx_word' id='word_1_217' title='bbox 757 3365 901 3419; x_wconf 88' lang='lat' dir='ltr'>familiaris</span> <span class='ocrx_word' id='word_1_218' title='bbox 922 3365 992 3432; x_wconf 90' lang='lat' dir='ltr'>apud</span> <span class='ocrx_word' id='word_1_219' title='bbox 1010 3365 1152 3421; x_wconf 88' lang='lat' dir='ltr'>Platonem</span> <span class='ocrx_word' id='word_1_220' title='bbox 1175 3366 1203 3420; x_wconf 93' lang='lat' dir='ltr'>in</span> <span class='ocrx_word' id='word_1_221' title='bbox 1221 3365 1327 3435; x_wconf 90' lang='lat' dir='ltr'>legibus</span> <span class='ocrx_word' id='word_1_222' title='bbox 1349 3381 1408 3418; x_wconf 88' lang='lat' dir='ltr'>cum</span> 
     </span>
     <span class='ocr_line' id='line_1_30' title="bbox 302 3447 1410 3519; baseline 0 -15"><span class='ocrx_word' id='word_1_223' title='bbox 302 3449 403 3506; x_wconf 86' lang='lat' dir='ltr'>veteris</span> <span class='ocrx_word' id='word_1_224' title='bbox 426 3449 554 3504; x_wconf 85' lang='lat' dir='ltr'>Graeciae</span> <span class='ocrx_word' id='word_1_225' title='bbox 580 3449 661 3517; x_wconf 92' lang='lat' dir='ltr'>inque</span> <span class='ocrx_word' id='word_1_226' title='bbox 688 3448 782 3519; x_wconf 87' lang='lat' dir='ltr'>primis</span> <span class='ocrx_word' id='word_1_227' title='bbox 808 3447 976 3503; x_wconf 86' lang='lat' dir='ltr'>Athenarum</span> <span class='ocrx_word' id='word_1_228' title='bbox 1002 3447 1136 3505; x_wconf 88' lang='lat' dir='ltr'>institutis</span> <span class='ocrx_word' id='word_1_229' title='bbox 1153 3448 1317 3519; x_wconf 87' lang='lat' dir='ltr'>comparatio</span> <span class='ocrx_word' id='word_1_230' title='bbox 1335 3467 1360 3519; x_wconf 90' lang='lat' dir='ltr'>p.</span> <span class='ocrx_word' id='word_1_231' title='bbox 1378 3449 1410 3504; x_wconf 88' lang='lat'>10</span> 
     </span>
     <span class='ocr_line' id='line_1_31' title="bbox 303 3534 427 3588; baseline -0.016 0"><span class='ocrx_word' id='word_1_232' title='bbox 303 3534 427 3588; x_wconf 79' lang='grc'>111126.</span> 
     </span>
    </p>

    <p class='ocr_par' dir='ltr' id='par_1_5' title="bbox 390 3616 723 3685">
     <span class='ocr_line' id='line_1_32' title="bbox 390 3616 723 3685; baseline 0 -14"><span class='ocrx_word' id='word_1_233' title='bbox 390 3616 453 3671; x_wconf 79' lang='lat' dir='ltr'>’ct</span> <span class='ocrx_word' id='word_1_234' title='bbox 471 3617 490 3670; x_wconf 93' lang='lat' dir='ltr'>l.</span> <span class='ocrx_word' id='word_1_235' title='bbox 508 3617 525 3670; x_wconf 93' lang='lat' dir='ltr'>l.</span> <span class='ocrx_word' id='word_1_236' title='bbox 543 3617 680 3685; x_wconf 90' lang='lat' dir='ltr'>p.8adn.</span> <span class='ocrx_word' id='word_1_237' title='bbox 699 3619 723 3671; x_wconf 85' lang='lat'>2.</span> 
     </span>
    </p>

    <p class='ocr_par' dir='ltr' id='par_1_6' title="bbox 302 3697 1411 4020">
     <span class='ocr_line' id='line_1_33' title="bbox 389 3697 1410 3768; baseline -0.002 -13"><span class='ocrx_word' id='word_1_238' title='bbox 389 3703 400 3734; x_wconf 84' lang='lat'>⁸</span> <span class='ocrx_word' id='word_1_239' title='bbox 416 3701 532 3755; x_wconf 85' lang='lat' dir='ltr'>Tutores</span> <span class='ocrx_word' id='word_1_240' title='bbox 550 3704 581 3754; x_wconf 91' lang='lat' dir='ltr'>ut</span> <span class='ocrx_word' id='word_1_241' title='bbox 599 3699 775 3768; x_wconf 86' lang='lat' dir='ltr'>impuberum,</span> <span class='ocrx_word' id='word_1_242' title='bbox 794 3699 835 3754; x_wconf 89' lang='lat' dir='ltr'>ita</span> <span class='ocrx_word' id='word_1_243' title='bbox 852 3699 1012 3753; x_wconf 85' lang='lat' dir='ltr'>feminarum</span> <span class='ocrx_word' id='word_1_244' title='bbox 1025 3697 1140 3752; x_wconf 87' lang='lat' dir='ltr'>Athenis</span> <span class='ocrx_word' id='word_1_245' title='bbox 1153 3698 1291 3755; x_wconf 86' lang='lat' dir='ltr'>exstitisse</span> <span class='ocrx_word' id='word_1_246' title='bbox 1303 3700 1410 3754; x_wconf 91' lang='lat' dir='ltr'>demon·</span> 
     </span>
     <span class='ocr_line' id='line_1_34' title="bbox 303 3781 1410 3854; baseline -0.003 -14"><span class='ocrx_word' id='word_1_247' title='bbox 303 3790 373 3840; x_wconf 91' lang='lat' dir='ltr'>strat</span> <span class='ocrx_word' id='word_1_248' title='bbox 389 3783 464 3838; x_wconf 89' lang='lat' dir='ltr'>Isaei</span> <span class='ocrx_word' id='word_1_249' title='bbox 483 3783 515 3837; x_wconf 91' lang='lat' dir='ltr'>de</span> <span class='ocrx_word' id='word_1_250' title='bbox 532 3781 662 3852; x_wconf 86' lang='lat' dir='ltr'>Dicaeog.</span> <span class='ocrx_word' id='word_1_251' title='bbox 679 3783 734 3837; x_wconf 92' lang='lat' dir='ltr'>her.</span> <span class='ocrx_word' id='word_1_252' title='bbox 752 3784 768 3850; x_wconf 66' lang='grc' dir='ltr'><strong>ἓ</strong></span> <span class='ocrx_word' id='word_1_253' title='bbox 784 3787 823 3838; x_wconf 89' lang='grc'>10.</span> <span class='ocrx_word' id='word_1_254' title='bbox 858 3784 911 3835; x_wconf 88' lang='lat' dir='ltr'>Pro</span> <span class='ocrx_word' id='word_1_255' title='bbox 930 3784 1066 3854; x_wconf 76' lang='grc' dir='ltr'><em>ἐπιτρόπου</em></span> <span class='ocrx_word' id='word_1_256' title='bbox 1083 3782 1190 3836; x_wconf 92' lang='lat' dir='ltr'>nomine</span> <span class='ocrx_word' id='word_1_257' title='bbox 1207 3797 1304 3837; x_wconf 90' lang='lat' dir='ltr'>nomen</span> <span class='ocrx_word' id='word_1_258' title='bbox 1321 3785 1410 3854; x_wconf 78' lang='grc' dir='ltr'><em>κυρίου</em></span> 
     </span>
     <span class='ocr_line' id='line_1_35' title="bbox 305 3865 1411 3938; baseline -0.003 -17"><span class='ocrx_word' id='word_1_259' title='bbox 305 3868 370 3938; x_wconf 90' lang='lat' dir='ltr'>poni</span> <span class='ocrx_word' id='word_1_260' title='bbox 388 3885 442 3923; x_wconf 91' lang='lat' dir='ltr'>non</span> <span class='ocrx_word' id='word_1_261' title='bbox 461 3872 504 3921; x_wconf 88' lang='lat' dir='ltr'>est</span> <span class='ocrx_word' id='word_1_262' title='bbox 520 3867 561 3921; x_wconf 92' lang='lat' dir='ltr'>ita</span> <span class='ocrx_word' id='word_1_263' title='bbox 579 3866 724 3934; x_wconf 89' lang='lat' dir='ltr'>singulare,</span> <span class='ocrx_word' id='word_1_264' title='bbox 743 3866 789 3920; x_wconf 90' lang='lat' dir='ltr'>sed</span> <span class='ocrx_word' id='word_1_265' title='bbox 806 3865 871 3920; x_wconf 87' lang='lat' dir='ltr'>alibi</span> <span class='ocrx_word' id='word_1_266' title='bbox 889 3881 995 3934; x_wconf 88' lang='lat' dir='ltr'>quoque</span> <span class='ocrx_word' id='word_1_267' title='bbox 1012 3865 1154 3934; x_wconf 90' lang='lat' dir='ltr'>reperitur,</span> <span class='ocrx_word' id='word_1_268' title='bbox 1172 3865 1355 3920; x_wconf 88' lang='lat' dir='ltr'>utDemosth.</span> <span class='ocrx_word' id='word_1_269' title='bbox 1374 3881 1411 3918; x_wconf 91' lang='lat' dir='ltr'>or.</span> 
     </span>
     <span class='ocr_line' id='line_1_36' title="bbox 302 3947 1091 4020; baseline -0.005 -13"><span class='ocrx_word' id='word_1_270' title='bbox 302 3954 337 4008; x_wconf 83' lang='lat'>43</span> <span class='ocrx_word' id='word_1_271' title='bbox 354 3954 370 4020; x_wconf 62' lang='grc' dir='ltr'>ὅ</span> <span class='ocrx_word' id='word_1_272' title='bbox 390 3954 429 4008; x_wconf 88' lang='grc'>16.</span> <span class='ocrx_word' id='word_1_273' title='bbox 465 3951 498 4005; x_wconf 81' lang='lat' dir='ltr'>ci.</span> <span class='ocrx_word' id='word_1_274' title='bbox 517 3952 637 4018; x_wconf 91' lang='lat' dir='ltr'>Platner,</span> <span class='ocrx_word' id='word_1_275' title='bbox 656 3950 688 4006; x_wconf 93' lang='lat' dir='ltr'>de</span> <span class='ocrx_word' id='word_1_276' title='bbox 706 3949 749 4004; x_wconf 89' lang='lat' dir='ltr'>lit.</span> <span class='ocrx_word' id='word_1_277' title='bbox 768 3955 796 4004; x_wconf 89' lang='lat' dir='ltr'>et</span> <span class='ocrx_word' id='word_1_278' title='bbox 814 3954 866 4003; x_wconf 87' lang='lat' dir='ltr'>act.</span> <span class='ocrx_word' id='word_1_279' title='bbox 884 3947 938 4003; x_wconf 84' lang='lat' dir='ltr'>vol.</span> <span class='ocrx_word' id='word_1_280' title='bbox 956 3949 973 4002; x_wconf 81' lang='lat'><strong>2</strong></span> <span class='ocrx_word' id='word_1_281' title='bbox 989 3965 1015 4016; x_wconf 90' lang='lat' dir='ltr'>p.</span> <span class='ocrx_word' id='word_1_282' title='bbox 1033 3951 1091 4004; x_wconf 81' lang='lat'>276.</span> 
     </span>
    </p>

    <p class='ocr_par' dir='ltr' id='par_1_7' title="bbox 303 4031 1411 4186">
     <span class='ocr_line' id='line_1_37' title="bbox 386 4031 1411 4108; baseline -0.003 -19"><span class='ocrx_word' id='word_1_283' title='bbox 386 4034 557 4108; x_wconf 10' lang='lat' dir='ltr'>“Franckio,</span> <span class='ocrx_word' id='word_1_284' title='bbox 569 4034 615 4102; x_wconf 93' lang='lat' dir='ltr'>qui</span> <span class='ocrx_word' id='word_1_285' title='bbox 633 4034 672 4102; x_wconf 93' lang='lat' dir='ltr'>(in</span> <span class='ocrx_word' id='word_1_286' title='bbox 690 4034 792 4104; x_wconf 91' lang='lat' dir='ltr'>ephem.</span> <span class='ocrx_word' id='word_1_287' title='bbox 810 4031 921 4088; x_wconf 79' lang='lat' dir='ltr'>Jenensi</span> <span class='ocrx_word' id='word_1_288' title='bbox 933 4047 957 4086; x_wconf 88' lang='lat' dir='ltr'>a.</span> <span class='ocrx_word' id='word_1_289' title='bbox 969 4032 1138 4102; x_wconf 66' lang='grc'>11441141)</span> <span class='ocrx_word' id='word_1_290' title='bbox 1150 4032 1283 4101; x_wconf 82' lang='lat' dir='ltr'>cogitarit</span> <span class='ocrx_word' id='word_1_291' title='bbox 1294 4033 1411 4087; x_wconf 85' lang='lat' dir='ltr'>fortasse</span> 
     </span>
     <span class='ocr_line' id='line_1_38' title="bbox 303 4114 1125 4186; baseline -0.005 -12"><span class='ocrx_word' id='word_1_292' title='bbox 303 4135 397 4174; x_wconf 88' lang='lat' dir='ltr'>vocem</span> <span class='ocrx_word' id='word_1_293' title='bbox 415 4121 495 4186; x_wconf 70' lang='grc' dir='ltr'><em>νόμος</em></span> <span class='ocrx_word' id='word_1_294' title='bbox 513 4119 688 4186; x_wconf 90' lang='lat' dir='ltr'>supplendam</span> <span class='ocrx_word' id='word_1_295' title='bbox 707 4132 772 4184; x_wconf 85' lang='lat' dir='ltr'>esse,</span> <span class='ocrx_word' id='word_1_296' title='bbox 791 4114 918 4170; x_wconf 85' lang='lat' dir='ltr'>assentiri</span> <span class='ocrx_word' id='word_1_297' title='bbox 935 4131 989 4170; x_wconf 89' lang='lat' dir='ltr'>non</span> <span class='ocrx_word' id='word_1_298' title='bbox 1007 4131 1125 4186; x_wconf 87' lang='lat' dir='ltr'>possum.</span> 
     </span>
    </p>

    <p class='ocr_par' dir='ltr' id='par_1_8' title="bbox 389 4199 835 4271">
     <span class='ocr_line' id='line_1_39' title="bbox 389 4199 835 4271; baseline -0.004 -15"><span class='ocrx_word' id='word_1_299' title='bbox 389 4199 835 4271; x_wconf 60' lang='grc' dir='ltr'>ὁ1111111111.15511.</span> 
     </span>
    </p>
   </div>
   <div class='ocr_carea' id='block_1_5' title="bbox 799 4327 803 4356">
    <p class='ocr_par' dir='ltr' id='par_1_9' title="bbox 799 4327 803 4356">
     <span class='ocr_line' id='line_1_40' title="bbox 799 4327 803 4356; baseline 0 0"><span class='ocrx_word' id='word_1_300' title='bbox 799 4327 803 4356; x_wconf 89' lang='grc'>1</span> 
     </span>
    </p>
   </div>
   <div class='ocr_carea' id='block_1_6' title="bbox 0 0 1632 4924">
    <p class='ocr_par' dir='ltr' id='par_1_10' title="bbox 0 0 1632 4924">
     <span class='ocr_line' id='line_1_41' title="bbox 0 0 1632 4924; baseline 0 0"><span class='ocrx_word' id='word_1_301' title='bbox 0 0 1632 4924; x_wconf 95' lang='lat' dir='ltr'> </span> 
     </span>
    </p>
   </div>
  </div>
 </body>
</html>
