3236 4924
770 353 808 416 11

141 557 147 568 “
238 554 424 619 δικάσασθαι
438 553 526 622 inter
541 575 576 622 se
592 554 818 642 conjungenda
834 571 916 619 esse.
959 553 1023 620 Sed
1038 552 1183 618 fortasse
1199 557 1345 634 opponat

238 654 399 738 quispiam
421 656 455 722 in
477 657 560 741 lage,
584 676 668 740 quae
690 675 710 722 a
732 653 848 722 Solone
872 653 1032 738 originem
1054 654 1168 734 ducat,
1192 664 1225 720 et
1252 652 1342 718 illam

237 755 431 822 inusitatam
442 757 537 823 uerbi
559 761 653 822 ποιεῖν
675 754 947 839 significationem
957 760 991 822 et
1002 755 1087 820 hanc
1101 753 1337 837 posterioribus

238 855 440 938 temporibus
462 857 628 924 insolitam
650 856 926 924 constructionem
948 854 1091 938 perferri
1107 873 1218 938 posse;
1241 873 1343 936 quare

240 955 291 1020 his
327 956 434 1023 causis
469 957 632 1040 neglectis
667 975 754 1024 nunc
787 957 823 1038 in
857 960 963 1022 totum
994 954 1079 1038 legis
1115 960 1345 1040 argumentum

237 1057 449 1137 inquiramus.

324 1173 434 1239 Verba
466 1181 575 1240 autem
603 1174 730 1240 tradita
754 1174 804 1238 ita
836 1172 1056 1255 intellegere,¹
1087 1176 1125 1237 ut
1158 1177 1343 1239 vertamus:

242 1273 378 1356 „quibus
396 1275 450 1358 jus
473 1273 620 1340 ciuitatis
642 1292 706 1340 non
733 1274 783 1340 ita
804 1274 917 1340 datum
942 1277 1008 1354 est,
1035 1276 1072 1337 ut
1101 1291 1161 1339 nec
1188 1273 1345 1355 abrogari

241 1393 301 1440 nec
321 1373 362 1460 in
378 1374 635 1441 controversiam
657 1373 771 1440 vocari
791 1372 921 1457 queat“‚
943 1373 1129 1455 complura²
1149 1376 1344 1440 nosvetant.

239 1475 352 1555 Neque
375 1475 459 1541 enim
482 1476 549 1541 ullo
571 1475 634 1541 alio
655 1476 726 1541 looo
748 1475 900 1542 docemur
928 1473 1015 1557 apud
1044 1473 1263 1542 Athenienses
1286 1472 1347 1539 tali

241 1574 334 1640 modo
357 1574 526 1642 civitatem
554 1575 671 1642 donari
696 1577 855 1659 potuisse;
887 1575 1003 1641 deinde
1032 1593 1096 1641 vox
1123 1572 1346 1650 ἐπιδικάζεσθαι

240 1693 304 1740 non
334 1675 435 1742 habet
462 1675 736 1759 significationem
761 1675 796 1742 in
825 1677 1083 1744 controuersiam
1103 1675 1259 1757 vocandi,
1287 1675 1345 1740 sed

240 1775 303 1842 sibi
319 1765 530 1860 ¹vindicandi,
560 1777 700 1860 denique
729 1778 879 1862 intellegi
907 1796 973 1844 non
1000 1781 1126 1860 potest,
1150 1794 1208 1842 cur
1237 1776 1344 1852 Solon,

240 1895 310 1942 oum
344 1877 406 1943 hoc
437 1877 591 1945 instituto
624 1879 818 1945 testamenti
850 1877 993 1946 faciendi
1024 1877 1057 1943 id
1089 1877 1182 1944 modo
1215 1875 1346 1942 efficere

239 1978 352 2059 vellet,
374 1981 413 2043 ut
434 1979 602 2045 hereditas
623 1978 658 2044 in
679 1979 807 2045 familia
836 1984 999 2061 maneret,
1022 1978 1056 2046 id
1082 1978 1168 2060 quod
1192 1976 1346 2061 ingenuis

241 2076 366 2144 civibus
392 2078 559 2161 permisit,
586 2078 778 2161 adscriptis,
806 2079 861 2162 qui
885 2079 920 2144 in
941 2081 1004 2146 hac
1024 2099 1062 2146 re
1091 2079 1220 2148 illorum
1248 2098 1345 2161 pares

235 2176 405 2260 ,iudicandi
426 2185 512 2261 sunt,
535 2199 599 2246 non
621 2179 818 2262 permiserit.

323 2296 436 2376 Neque
465 2315 543 2362 vero
576 2297 637 2362 hoe
664 2298 757 2363 modo
787 2296 974 2379 explicare²
1001 2296 1090 2363 licet:
1135 2297 1346 2379 „quicumque

242 2412 306 2459 non
322 2400 399 2460 sunt
414 2395 502 2462 cives
518 2396 688 2478 adscripti,
704 2396 745 2462 iis
761 2396 857 2462 liceto
874 2415 934 2462 sua
948 2396 1051 2462 libero
1067 2395 1206 2462 arbitrio
1221 2397 1345 2480 legare,
1396 2400 1398 2404 '

242 2495 292 2560 ita
312 2501 351 2561 ut
371 2515 432 2562 nec
461 2497 618 2579 impedita
650 2497 717 2563 sint
744 2517 804 2563 nec
833 2496 867 2562 in
895 2497 1014 2582 judicio
1041 2499 1082 2562 de
1115 2497 1162 2568 eis
1188 2497 1346 2582 agatur“:

242 2613 318 2659 nam
341 2595 478 2678 primum
499 2596 629 2677 quidem
650 2597 807 2664 credibile
829 2617 893 2663 non
915 2602 967 2664 est
989 2597 1072 2682 legis
1102 2605 1284 2683 auctorem,
1319 2600 1348 2666 si

242 2695 327 2762 hanc
341 2697 538 2764 sententiam
554 2698 705 2780 proferre
720 2698 889 2781 voluisset,
903 2703 972 2764 tam
988 2701 1158 2765 obscuram
1174 2701 1347 2767 verborum

241 2797 436 2879 positionem
472 2802 506 2862 et
543 2797 818 2864 constructionem
855 2803 1088 2881 usurpaturum
1127 2799 1242 2882 fuisse;
1278 2806 1347 2867 tum

242 2897 352 2964 Soloni
388 2916 453 2963 non
494 2897 602 2980 licuit,
637 2917 708 2964 cum
743 2901 828 2989 hano
861 2898 966 2982 legem
999 2899 1150 2983 scripsit,
1177 2901 1250 2966 voci
1282 2902 1347 2965 ἐπι-

242 2997 413 3073 δικάζεσθαι
435 2997 501 3064 uim
528 2999 722 3066 succedendi
742 3000 836 3082 modo
859 3001 900 3065 ab
922 2999 1082 3066 intestato
1115 3035 1157 3048 -
1189 3020 1253 3082 qua
1280 3021 1346 3067 una

242 3097 483 3181 significatione
509 3099 570 3164 hoc
609 3100 678 3166 loco
706 3099 857 3182 intellegi
891 3100 989 3166 debet
1023 3137 1060 3145 —
1095 3100 1256 3184 subicere,
1290 3102 1347 3167 sed

242 3199 325 3264 ratio
354 3199 507 3266 habenda
536 3206 609 3266 erat
636 3220 746 3266 eorum
774 3219 900 3282 quoque
923 3209 1122 3284 temporum,
1146 3200 1262 3283 quibus
1281 3201 1348 3264 ἐπι-

242 3299 369 3362 δικασίαι
403 3305 437 3366 et
464 3319 504 3365 ex
533 3305 732 3367 testamento
755 3309 789 3368 et
811 3302 852 3367 ab
879 3299 1039 3367 intestato
1067 3305 1176 3382 erant;
1209 3300 1348 3382 danique

243 3405 472 3482 argumentum
495 3404 600 3467 totum
622 3407 789 3485 repugnat
810 3400 892 3485 legi,
927 3401 1017 3485 cujus
1049 3401 1155 3484 paullo
1189 3407 1281 3484 post,
1313 3400 1348 3467 in

243 3499 262 3583 ξ
292 3499 341 3575 29,
376 3506 488 3567 orator
516 3501 711 3568 mentionem
739 3501 822 3567 iacit
851 3519 979 3583 quaque
1006 3501 1181 3584 statuitur,
1214 3507 1252 3567 ut
1284 3502 1348 3566 ἐπι-

244 3599 362 3664 δικασία
384 3605 453 3666 tum
476 3620 601 3684 quoque
623 3602 692 3684 fiat,
709 3620 780 3667 cum
792 3603 889 3668 heres
905 3621 945 3667 ex
959 3605 1158 3669 testamento
1174 3606 1292 3684 exstet,
1316 3607 1349 3668 et

328 3789 334 3816 ¹
353 3785 413 3840 Hoc
429 3785 508 3840 modo
531 3785 729 3840 intellexerunt
746 3785 821 3840 Hier.
839 3784 956 3840 Wolfius
977 3785 1005 3839 in
1028 3785 1093 3840 edit.
1121 3801 1170 3840 sua
1191 3801 1215 3839 a.
1233 3785 1298 3841 1572
1321 3791 1349 3840 et

245 3869 360 3936 Potitus,
377 3869 444 3939 Lag.
463 3869 522 3924 Att.
540 3886 567 3936 p.
584 3870 642 3924 478.

326 3953 427 4008 ¹Duas
445 3969 540 4005 causas
555 3953 611 4020 jam
629 3952 725 4006 attolit
742 3952 907 4020 Buuseuius,
931 3953 963 4006 de
982 3952 1043 4019 jure
1069 3951 1231 4006 hereditario
1249 3953 1348 4007 Athen.

242 4051 263 4088 a.
285 4035 350 4088 1813
366 4052 391 4103 p.
411 4039 443 4091 55
461 4036 520 4089 adn.
540 4039 579 4088 12.

326 4120 412 4174 ³Hoc
435 4120 513 4174 modo
538 4117 726 4186 explicuerunt
748 4119 904 4175 Voemelius
926 4119 954 4173 in
979 4121 1018 4173 ed.
1038 4119 1121 4174 Onon.
1146 4125 1174 4173 et
1197 4121 1347 4187 Platnerus,

241 4202 274 4256 de
291 4202 387 4258 litibus
405 4208 433 4257 et
450 4201 603 4257 actionibus
620 4202 719 4257 Athen.
738 4219 762 4256 a.
784 4203 849 4259 1828
865 4203 918 4258 vol.
936 4206 953 4257 2
969 4219 995 4270 p.
1013 4205 1071 4257 321.
