3236 4924
805 355 846 414 24

272 555 433 620 scriberet
466 553 519 616 ἐὰν
551 553 585 615 δὲ
616 554 659 640 μὴ
689 549 755 639 ἔχῃ,
788 549 864 632 quid
897 552 959 616 hac
992 551 1180 633 conjectura
1212 549 1377 632 profecit?

271 655 354 720 Nam
383 654 470 745 quod
498 653 569 736 ipse
597 652 701 718 voluit
730 653 772 717 ad
799 654 881 717 haec
907 653 1010 717 verba
1046 652 1148 735 κύριον
1176 651 1377 734 cogitatione

272 753 365 835 addi,
399 753 519 837 idjam
553 773 654 835 snpra
684 751 978 818 demonstravimus
1010 755 1146 834 propter
1179 756 1283 817 totam
1316 750 1378 816 loci

272 858 473 920 structuram
496 853 568 918 fiori
589 873 654 918 non
676 872 787 935 posse3
811 853 948 918 duarum
970 857 1080 918 antem
1102 851 1376 934 significationum

273 955 416 1039 ejusdem
438 954 502 1036 rei,
530 954 582 1016 ἐὰν
612 953 647 1016 δὲ
665 954 773 1041 μηδεὶς
797 944 817 1040 ᾖ
848 954 961 1017 τούτων
990 958 1024 1017 et
1053 953 1105 1015 ἐὰν
1131 953 1189 1036 μὲν
1221 950 1380 1039 ἐπίκληρός

274 1078 317 1130 τις
335 1047 362 1142 ᾗ,
391 1072 472 1135 quas
500 1053 628 1134 quidem
661 1053 710 1119 ita
737 1053 924 1136 conjungit,
958 1056 996 1117 ut
1030 1052 1169 1118 alteram
1198 1071 1238 1117 ex
1271 1053 1378 1117 altera

272 1153 459 1220 necessario
482 1153 635 1235 consequi
657 1153 837 1235 existimet,
861 1173 926 1218 una
947 1152 1076 1234 qnidam
1104 1153 1201 1234 plane
1223 1171 1378 1234 superva-

273 1274 375 1320 canea
396 1259 457 1321 est.
503 1252 612 1335 Quare
639 1253 691 1320 his
719 1253 914 1338 conjecturis
944 1252 1104 1336 neglectis
1135 1251 1378 1333 acquiescamus

272 1355 306 1420 in
328 1355 375 1421 eis
393 1355 515 1437 verbis,
539 1373 623 1435 qrrae
645 1355 678 1419 in
701 1354 865 1420 codicibus
887 1352 980 1419 n'obis
1003 1352 1129 1419 tradita
1151 1359 1228 1418 sunt
1250 1365 1284 1418 ec
1307 1372 1378 1418 mea

274 1456 403 1537 quidem
426 1456 592 1521 sententia
613 1475 748 1539 prorsus
770 1462 861 1522 recte
883 1475 919 1520 se
940 1455 1074 1520 habent.

357 1572 422 1639 Sed
458 1591 543 1638 nuuc
579 1572 810 1654 disputandum
847 1578 899 1638 est
934 1571 974 1637 do
1010 1571 1073 1637 fide
1110 1578 1143 1638 et
1178 1571 1379 1637 auctoritato

272 1675 448 1756 formulae,
471 1692 568 1755 quarn
603 1673 643 1738 do
671 1672 889 1755 compluribus
919 1671 1026 1736 causis
1053 1671 1256 1753 suppositam
1282 1676 1380 1753 putat

273 1774 470 1840 Franckius.
514 1773 658 1840 Primum
680 1774 809 1855 quidem
832 1771 1008 1838 offenditur
1030 1772 1081 1837 vir
1103 1771 1309 1838 doctissimus
1340 1791 1380 1838 ea

272 1895 319 1959 re,
343 1874 428 1957 quod
450 1874 552 1939 verba
573 1873 657 1954 logis
679 1872 822 1939 oratoris
843 1872 954 1939 verbis
975 1892 1040 1939 non
1063 1872 1274 1938 conveniant:
1305 1891 1381 1938 nam

273 1994 344 2041 cum
377 1981 490 2041 orator
524 1974 665 2040 scribam
693 1973 831 2058 Jusserit
864 1993 920 2040 eas
953 1975 1045 2056 lege-s
1078 1974 1240 2058 recitare,
1264 1974 1380 2056 quibus

273 2078 434 2142 statutum
456 2075 513 2158 sit,
537 2094 637 2158 penes
659 2092 739 2155 quos
762 2079 851 2140 esset
868 2077 922 2159 jus
945 2074 1089 2140 mulieris
1118 2075 1380 2157 despondendae,

274 2176 313 2241 de
335 2176 398 2242 hac
419 2194 456 2241 re
483 2175 517 2240 in
543 2174 628 2258 legis
657 2174 767 2257 priore
795 2176 888 2241 modo
917 2179 1014 2257 parto
1042 2174 1113 2257 agi,
1144 2175 1251 2241 altera
1283 2179 1380 2257 parto

274 2280 454 2358 praecepta
476 2275 597 2351 afferri,
624 2293 707 2356 quae
741 2294 804 2339 non
835 2276 897 2340 hoc
928 2265 1008 2357 loco,
1042 2275 1100 2340 sed
1131 2274 1219 2340 infra
1252 2276 1378 2341 demum

273 2377 511 2444 desiderentur.
556 2376 620 2442 Sed
642 2395 706 2442 non
730 2375 965 2441 animadvertit
981 2377 1033 2441 vir
1048 2375 1255 2441 doctissimus
1266 2376 1378 2460 verba,

273 2496 356 2558 quae
379 2484 491 2544 orator
505 2477 642 2542 laudata
666 2477 739 2557 lege
754 2475 850 2541 facit:
873 2474 963 2551 οὗτος
979 2476 1037 2560 μὲν
1061 2474 1155 2539 τοίνυν
1178 2477 1194 2537 ὁ
1218 2475 1309 2559 νόμος
1329 2475 1382 2552 οὓς

275 2577 396 2666 ἐποίησε
418 2576 539 2662 κυρίους
561 2575 644 2651 εἶναι,
660 2575 817 2662 ἀκηκόατε.
862 2573 1070 2657 Quaeverba
1086 2574 1246 2656 cumillis,
1263 2576 1379 2656 quibus

273 2679 379 2760 legem
401 2676 540 2756 indicat,
562 2693 627 2740 uon
650 2673 824 2740 convenire
847 2681 1002 2757 apparet;
1025 2675 1082 2740 sed
1104 2674 1138 2740 in
1160 2677 1222 2741 hac
1244 2694 1280 2740 re
1301 2675 1380 2741 mihi

272 2776 405 2844 videtur
432 2795 496 2841 non
526 2775 751 2841 offendendum
783 2794 870 2857 esse,
906 2795 978 2841 curu
1005 2776 1083 2841 aiibi
1113 2795 1239 2858 quoque
1268 2782 1380 2844 orator

278 2881 312 2942 et
346 2875 458 2942 varias
495 2894 548 2941 res
585 2865 762 2940 confundat
797 2879 832 2940 ot
866 2894 921 2941 res
964 2875 1052 2941 inter
1087 2895 1123 2942 se
1167 2877 1380 2945 cohaerentes

276 2976 423 3042 divellat.

357 3094 422 3161 Sed
445 3093 509 3158 etsi
534 3092 829 3160 demonstravimus
858 3093 996 3158 duarum
1024 3093 1063 3159 de
1091 3095 1196 3158 tutela
1224 3099 1258 3159 et
1286 3113 1380 3177 spon·

274 3194 365 3262 saliis
387 3193 557 3261 mulierum
579 3194 686 3278 legum
709 3193 967 3279 conjunctionem
989 3195 1031 3259 ab
1060 3201 1191 3260 oratore
1222 3193 1380 3278 originem

275 3298 394 3362 ducere
409 3315 513 3377 neque
529 3295 699 3361 offensioni
722 3314 793 3360 esse
816 3295 945 3376 debere,
969 3302 1079 3360 tamen
1101 3295 1242 3360 nondum
1265 3296 1381 3378 proba·

274 3396 379 3462 vimus
403 3395 577 3478 genuinam
600 3415 672 3461 esse
695 3396 866 3460 formulam
888 3395 1046 3460 traditam
1101 3397 1165 3462 Suo
1197 3395 1282 3460 enim
1306 3398 1380 3480 juro

276 3497 503 3562 offendebatur
519 3495 715 3576 Franckius,
730 3496 816 3577 quod
828 3494 861 3559 iu
876 3495 1017 3560 formula
1032 3514 1073 3560 ex
1092 3496 1248 3578 pluribus
1264 3497 1380 3577 quibus

273 3599 472 3677 potestatem
507 3595 758 3677 despondendae
790 3595 936 3661 mulieris
968 3595 1072 3670 fuisse
1104 3595 1162 3661 alii
1194 3600 1380 3662 oratorum¹

274 3696 449 3761 atticorum
464 3694 527 3760 loci
548 3696 822 3779 demonstrarent,
847 3700 917 3761 tres
939 3696 1032 3760 modo
1054 3695 1103 3760 illi
1124 3696 1380 3780 nominarentur,

274 3795 330 3878 qui
351 3798 392 3863 ab
418 3800 550 3862 oratore
580 3796 719 3877 exempli
745 3815 844 3862 causa
872 3796 1115 3864 commemorati
1141 3804 1261 3863 essent.
1309 3795 1381 3879 Qua

275 3916 316 3961 ex
338 3895 536 3962 difficultate
557 3915 616 3962 uos
651 3897 805 3978 expedire
832 3895 889 3962 vix
916 3897 1110 3980 poterimus,
1141 3896 1204 3964 nisi
1232 3898 1381 3963 lacunam

273 3996 307 4061 in
339 3996 414 4078 lege
436 3998 505 4080 jam
531 3994 769 4076 antiquissimis
797 3995 998 4078 temporibus
1027 4001 1132 4064 ortam
1163 4017 1235 4064 esse
1265 3997 1382 4080 proba-

359 4200 368 4228 ¹
388 4197 421 4252 cf.
438 4197 534 4252 Aesch.
554 4213 592 4252 or.
612 4198 624 4250 1
644 4197 660 4266 θ
677 4198 718 4252 23.
