3236 4924
236 576 432 661 „Utuullus
455 577 569 642 borum
592 575 737 641 virorum
759 572 887 640 mulieri
908 573 1006 656 adsit,
1029 572 1063 638 id
1085 574 1211 638 duabus
1234 573 1342 640 causis

235 677 322 743 effici
344 682 471 760 potest;
494 676 523 742 si
545 674 594 740 illi
616 675 744 739 omnino
766 673 886 740 mortui
907 673 987 756 sint,
1016 672 1066 738 ita
1091 678 1129 739 ut
1156 675 1271 740 mulier
1298 673 1342 741 sit

235 776 405 865 ἐπίκληρος,
435 782 505 843 turn
528 781 598 842 esto
620 775 654 840 iu
676 773 782 842 tutela
805 774 951 856 tutoris,¹
979 773 1035 855 qui
1064 779 1122 840 aut
1143 778 1342 842 testamento

235 878 355 944 mortui
378 877 577 944 constitutus
599 882 658 942 aut
680 877 721 941 ab
744 876 902 942 archonte
925 875 1174 942 constituendus
1197 882 1262 955 est;
1291 874 1342 942 sin

236 983 345 1043 autern
367 996 451 1043 unus
474 997 514 1043 ex
535 976 600 1042 illis
622 975 729 1042 adhuc
750 981 919 1057 superstes
941 975 995 1058 sit,
1017 976 1067 1042 ita
1088 981 1126 1042 ut
1149 975 1342 1042 muliernon

236 1077 281 1143 sit
303 1079 393 1158 orba,
416 1079 472 1144 sed
496 1076 643 1158 qrualibet
665 1095 765 1142 cansa
787 1075 908 1143 tutoris
941 1094 1075 1142 munere
1106 1075 1202 1156 iringi
1234 1076 1342 1157 proui-

236 1178 364 1259 beatur,
388 1181 456 1242 tum
479 1176 656 1263 quemlibet
670 1176 776 1243 virum
799 1176 853 1242 ille
870 1175 1057 1260 constituet,
1083 1177 1173 1261 cujus
1188 1175 1222 1241 in
1236 1177 1343 1244 tutela

235 1275 352 1342 mulier
373 1275 449 1343 sit.“
469 1281 474 1290 '

319 1380 366 1442 At
387 1378 515 1458 qualem
535 1375 621 1459 legis
643 1373 895 1456 obscuritatem,
924 1373 1035 1440 audio!
1087 1374 1173 1441 Sanc
1201 1376 1342 1442 concedo

234 1476 342 1558 legem
375 1495 439 1541 nou
467 1475 517 1542 ita
543 1474 717 1541 dilucidam
750 1493 838 1556 cssc3
874 1475 932 1540 sed
963 1493 1039 1542 num
1071 1474 1256 1558 legislator,
1290 1477 1342 1542 rui

236 1575 375 1642 maxime
398 1595 478 1660 opus
501 1581 553 1643 est
575 1575 688 1658 paucis
704 1575 815 1642 vorbis
838 1593 934 1657 quam
957 1574 1114 1660 plurimas
1137 1575 1341 1644 condiciones

235 1675 423 1760 siguificare.
445 1683 545 1760 atque
575 1675 763 1760 complecti,
792 1675 902 1758 aptius
930 1675 1011 1744 haec
1036 1681 1217 1759 praecepta
1244 1696 1342 1744 enun-

235 1775 321 1842 tiare
342 1777 473 1857 potuit?
1231 1862 1234 1868 ¹

317 1876 400 1942 Mihi
421 1876 527 1959 igitur
548 1883 717 1960 postrema
746 1874 907 1942 formulae
929 1877 1048 1958 verba,
1076 1875 1187 1960 qualia
1215 1877 1343 1944 tradita

234 1982 328 2060 sunt,
362 1975 517 2044 videntur
551 1977 673 2059 optime
704 1975 855 2059 intellegi
891 1994 987 2060 posse.
1018 1995 1122 2058 neque
1155 1978 1342 2061 conjectura

235 2096 315 2160 opus
335 2097 417 2144 esso.
462 2076 551 2160 Quas
573 2080 683 2142 autem
705 2076 916 2158 protulerunt
929 2075 994 2141 viri
1016 2076 1105 2142 docti
1127 2077 1341 2163 conjecturas,

234 2178 275 2244 iis
297 2177 510 2244 difficultates
539 2176 648 2259 potius
679 2181 797 2241 auctae
825 2194 921 2255 qnam
950 2177 1100 2242 sublatae
1128 2183 1215 2244 suut.
1258 2178 1342 2245 Nam

235 2278 321 2359 quod
337 2276 546 2344 Bunsenius²
568 2276 706 2360 conjecit
728 2277 770 2340 ab
792 2274 886 2341 initio
908 2275 942 2342 in
962 2277 1038 2359 lege
1059 2277 1218 2360 scripturn
1239 2277 1342 2345 fuisso

236 2380 288 2442 ἐὰν
300 2378 358 2463 μὲν
380 2377 535 2465 ἐπίκλητός
556 2400 598 2453 τις
617 2369 637 2464 ᾗ
658 2380 692 2442 et
707 2375 790 2459 legis
806 2376 1005 2442 sententiam
1020 2376 1105 2443 hanc
1119 2395 1208 2444 esse:
1232 2378 1340 2461 „nullo

237 2497 315 2544 vero
343 2478 458 2544 horum
487 2477 632 2543 virorum
661 2479 830 2557 exstante,
858 2474 887 2541 si
913 2475 986 2558 quis
1011 2475 1077 2543 erit
1102 2477 1178 2562 lege
1204 2484 1342 2550 vocatus

236 2579 305 2644 sive
327 2578 507 2661 proximus,
530 2578 560 2643 ei
589 2577 644 2658 qui
673 2576 791 2642 ducere
819 2575 907 2642 illam
930 2577 1053 2659 possit,
1082 2577 1132 2644 sin
1151 2578 1266 2662 minus,
1289 2581 1341 2646 cui

237 2683 326 2744 tutor
348 2679 418 2746 sive
434 2685 534 2762 geute
550 2682 712 2759 cognatus
728 2675 916 2759 tradiderit,
932 2677 1093 2743 collocare
1107 2678 1196 2746 illam
1211 2678 1341 2747 liceant

234 2778 268 2844 id
294 2779 470 2846 Platucrus
502 2779 537 2846 in
570 2797 709 2847 censura
742 2776 818 2842 libri
848 2776 1071 2843 Buuseniani³
1103 2778 1342 2848 demonstravit

234 2880 316 2947 ferri
337 2897 401 2949 non
424 2899 536 2964 posse,
567 2879 799 2961 cumprimum
828 2876 957 2959 quidem
978 2896 1043 2944 vox
1072 2877 1227 2968 ἐπίκλητος
1254 2882 1342 2962 apud

235 2987 384 3047 oratores
415 2981 537 3047 atticos
571 2980 699 3045 omnino
728 2998 791 3044 non
821 2982 971 3044 exstaret
1002 2997 1122 3061 neque,
1155 2979 1220 3045 nisi
1251 2980 1342 3048 aliud

235 3079 313 3166 quid
334 3080 520 3162 appositum
544 3087 642 3163 esset,
666 3081 751 3146 hanc
773 3078 970 3146 sententiam
990 3078 1113 3144 habere
1128 3087 1249 3162 posset,
1272 3086 1341 3146 tum

236 3181 344 3245 altera
365 3181 481 3246 harum
503 3179 793 3264 significationum,
818 3186 877 3245 aut
905 3180 955 3242 τὸν
982 3178 1086 3262 κύριον
1116 3183 1175 3243 aut
1203 3177 1256 3240 ἐὰν
1282 3178 1340 3261 μὲν

236 3277 392 3367 ἐπίκλητός
406 3304 449 3357 τις
461 3272 482 3368 ἦ
496 3281 592 3362 plane
606 3298 851 3364 superuacanea
866 3284 964 3360 osset,
977 3296 1042 3343 vox
1057 3280 1167 3342 autem
1182 3275 1344 3361 ἐπίτροπος

236 3399 276 3445 ex
305 3379 362 3464 eis,
396 3387 561 3462 quaeant
594 3385 810 3463 sequerentur
840 3384 899 3446 aut
933 3376 1183 3460 praecederent,
1211 3377 1341 3446 minime

235 3480 381 3564 suppleri
402 3487 525 3564 posset.

316 3581 467 3648 Alteram
504 3583 724 3666 conjecturam
760 3578 931 3663 proposuit
964 3578 1210 3663 schellingius*
1242 3599 1339 3662 quani

234 3699 298 3747 non
321 3682 427 3767 magis
450 3702 522 3752 esse
537 3688 651 3767 aptum
666 3681 853 3750 Franckius
869 3681 1117 3750 demonstravit.
1161 3680 1239 3748 Cum
1256 3679 1341 3748 cuim

321 3888 327 3916 ¹
347 3885 405 3939 Hac
424 3885 579 3940 condicione
597 3889 673 3941 tutor
691 3899 755 3938 sane
773 3882 887 3938 maritus
905 3898 1010 3952 quoque
1030 3889 1072 3938 est
1098 3885 1242 3955 ἐπικλήρου,
1270 3897 1339 3950 quoe

235 3982 278 4020 res
296 3967 404 4022 videtur
420 3968 576 4038 significata
594 3983 652 4023 esse
671 3982 736 4022 voce
753 3969 830 4038 ἔχειν.

319 4053 330 4082 ¹
347 4051 381 4104 cf.
398 4052 415 4105 l.
434 4051 452 4107 l.
471 4068 497 4119 p.
514 4052 556 4106 48.

318 4133 379 4188 ὀἱ
397 4136 415 4189 l.
434 4136 451 4188 l.
469 4152 495 4203 p.
515 4136 587 4191 1291.

319 4222 330 4249 ⁴
348 4218 380 4273 ci.
399 4219 417 4274 l.
435 4220 452 4274 l.
471 4237 497 4290 p.
515 4222 555 4276 98.
