3236 4924
797 321 837 386 14

263 542 347 606 quae
375 528 543 607 postrema
568 523 740 606 proposita
766 528 826 590 est.
881 521 1126 591 Thalheimius'
1157 524 1242 591 enim
1269 525 1372 593 verba

264 619 552 692 controversahoc
565 625 659 690 modo
674 624 852 690 intellexit:
877 624 1096 708 „Quicumque
1119 644 1183 691 non
1204 626 1254 693 ita
1273 627 1371 710 adop-

264 725 330 792 tati
351 731 442 806 sunt,
473 729 510 791 ut
539 745 643 807 neque
665 727 706 792 ab
730 725 943 808 adoptatione
965 725 1123 794 decedere
1145 726 1244 793 liceat
1266 748 1370 811 neque

264 827 299 891 in
324 825 446 911 judicio
475 825 693 892 hereditatem
716 827 822 909 patris
849 825 999 909 adoptivi
1027 831 1185 910 appetere
1211 848 1292 911 opus
1317 831 1370 912 sit,

265 925 448 993 1110111110
481 933 637 1009 tempore,
670 946 732 1009 quo
755 926 851 994 Solon
883 928 1117 1010 magistratum
1150 927 1234 1010 iniit,
1267 929 1370 996 libero

266 1027 404 1094 arbitrio
421 1029 536 1110 legare
548 1027 675 1095 liceto.“
703 1029 770 1094 Per
781 1028 865 1094 hanc
877 1019 986 1094 autem
1002 1029 1107 1111 legem
1123 1033 1221 1111 putat
1232 1029 1285 1096 vir
1301 1032 1372 1096 doc·

265 1127 411 1195 tissimus
444 1126 520 1194 filiis
553 1129 640 1194 inter
663 1129 756 1194 vivos
786 1128 963 1211 adoptatis,
997 1128 1053 1210 qui
1083 1128 1213 1210 quidem
1245 1135 1282 1196 ut
1314 1131 1371 1196 filii

265 1226 405 1311 legitimi
426 1228 644 1295 hereditatem
677 1227 770 1293 adire
803 1229 1007 1311 debuissent,
1041 1247 1105 1294 non
1137 1229 1279 1312 licuisse,
1312 1231 1370 1296 sed

265 1328 341 1394 111111
363 1334 562 1396 testamento
578 1328 746 1411 adoptatis
761 1328 892 1394 licuisse
907 1334 1142 1396 testamentum
1160 1331 1280 1397 facere.
1324 1333 1370 1396 At

265 1430 328 1495 hac
349 1429 383 1494 in
406 1425 621 1511 explicatione
644 1429 810 1510 complura
832 1449 882 1494 me
903 1429 1079 1496 offendunt.
1135 1431 1281 1496 Primum
1303 1432 1370 1512 qui-

266 1530 338 1597 dem
360 1549 424 1596 non
446 1537 537 1597 recte
560 1530 683 1595 dictum
705 1533 756 1594 est
783 1528 857 1594 liliis
879 1529 967 1594 inter
989 1530 1082 1596 11101
1111 1531 1280 1613 adoptatis
1307 1551 1370 1597 non

265 1631 397 1698 licuisse
419 1634 461 1696 ab
484 1630 698 1712 adoptatione
720 1631 893 1709 decedere;
923 1651 998 1696 nam
1026 1638 1059 1698 et
1086 1634 1171 1698 hano
1193 1651 1262 1698 rem
1283 1632 1370 1696 nullo

266 1733 328 1798 alic
350 1732 419 1797 loco
443 1732 576 1814 probari
599 1731 650 1798 vir
672 1730 879 1796 doctissimus
901 1731 972 1814 ipsa
997 1734 1171 1815 coneedit‚²
1198 1740 1232 1798 01
1259 1734 1370 1798 obstat

266 1835 478 1914 praeceptum
501 1851 562 1914 quo
584 1836 746 1897 statutum
781 1835 868 1911 erat,
896 1837 933 1896 nt
960 1832 1106 1898 omnibns
1134 1833 1316 1915 adoptatis,
1342 1832 1370 1899 si

269 1931 370 1998 filium
391 1932 424 1997 in
440 1932 532 1998 domo
549 1931 707 2012 adoptiva
722 1931 942 2012 reliquissent,
964 1932 998 1998 in
1013 1952 1105 1998 suam
1120 1933 1229 1999 redire
1245 1933 1370 1999 liceret.

266 2033 314 2099 Ut
330 2036 439 2098 autem
455 2032 532 2098 talis
548 2032 779 2114 adoptatorum
796 2032 963 2099 distinctio
978 2033 1089 2116 inerit,
1113 2039 1222 2098 tamen
1239 2034 1370 2114 utrique

268 2132 358 2213 parti
380 2151 400 2197 a
422 2133 540 2198 Solone
562 2134 615 2217 jus
638 2134 786 2199 testandi
813 2135 924 2199 datum
952 2153 1024 2199 esse
1051 2132 1213 2214 existim03
1240 2153 1315 2198 nam
1342 2134 1371 2198 si

267 2233 339 2314 quis
371 2232 460 2298 inter
487 2232 580 2300 vivos
612 2234 790 2316 adoptatus
819 2241 877 2300 aut
902 2235 1023 2300 liberos
1054 2233 1181 2298 omnino
1210 2252 1273 2298 non
1298 2253 1371 2314 prc-

268 2331 397 2399 creavit
417 2337 476 2397 aut
496 2332 591 2398 liberi
613 2339 718 2399 morte
741 2334 874 2414 abrupti
896 2337 983 2415 sunt,
1006 2351 1070 2413 qua
1085 2351 1184 2397 causa
1198 2331 1371 2414 legislator

268 2437 445 2498 commotus
475 2433 534 2514 sit,
567 2453 607 2498 ue
632 2433 708 2500 hnic
741 2439 939 2515 potestatem
972 2431 1118 2498 testandi
1146 2431 1263 2498 daret?
1318 2433 1371 2497 Ad

266 2531 365 2597 talem
388 2539 498 2599 autem
520 2533 762 2599 distinctionem
778 2533 829 2600 vir
852 2531 1056 2597 doctissimus
1079 2530 1207 2596 omnino
1223 2550 1263 2596 ea
1277 2533 1370 2597 modo

266 2650 303 2696 re
325 2631 491 2715 pervenit,
524 2633 608 2714 quod
641 2652 753 2699 vocem
786 2633 865 2696 ὥστε
898 2633 1037 2698 maxime
1069 2632 1208 2716 pressit3
1242 2637 1279 2698 01
1310 2632 1371 2696 boc

267 2729 346 2798 mibi
378 2751 441 2796 non
470 2733 596 2815 placet,
628 2734 684 2799 sed
706 2739 785 2814 puto
809 2733 918 2798 verbis
948 2734 1027 2796 ὥστε
1052 2731 1120 2820 μήτ’
1144 2735 1280 2796 ἀπειπεῖν
1298 2730 1368 2819 μήτ’

267 2831 495 2896 ἐπιδικάσασθαι
527 2833 561 2898 in
593 2833 780 2900 universum
813 2833 1004 2916 significari,
1039 2832 1117 2913 quid
1149 2832 1273 2898 civibus
1305 2851 1369 2897 non

268 2931 436 3015 adoptatis
451 2950 516 2999 non
531 2931 637 3014 liceat,
661 2940 777 2999 contra
792 2933 1025 3016 legislatorem,
1048 2932 1077 2998 si
1090 2932 1179 2998 inter
1194 2933 1368 3015 adoptatos

267 3051 391 3114 genera
413 3031 618 3116 distinguere
632 3032 801 3117 voluisset,
823 3034 924 3099 verbo
946 3032 1126 3120 ἐπεποίηντο
1142 3051 1253 3098 vocem
1273 3033 1371 3110 οὕτως

267 3134 320 3199 101
342 3132 441 3199 aliam
463 3133 620 3217 eJusmodi
641 3133 866 3216 appositurum
888 3133 1020 3212 fuisse„
1051 3131 1159 3215 Quid?
1193 3133 1278 3214 quod
1310 3134 1371 3198 boc

267 3233 360 3300 modo
388 3234 554 3315 explicata
585 3234 638 3299 1011
672 3233 924 3299 testamentaria
945 3252 1009 3298 non
1040 3236 1092 3298 011
1120 3231 1263 3316 integra,
1296 3253 1370 3300 nam

267 3334 356 3400 nulla
377 3353 457 3400 voca
480 3334 520 3399 de
551 3334 597 3399 eis
626 3334 750 3400 civibus
780 3333 914 3417 dicitur,
949 3333 1004 3415 qui
1038 3332 1165 3398 omuino
1199 3353 1262 3399 non
1295 3338 1372 3399 sunt

268 3434 430 3516 adoptati.
488 3433 598 3516 Quare
630 3453 702 3499 cum
735 3439 786 3499 tot
819 3434 1012 3500 offensiones
1048 3433 1082 3498 in
1114 3434 1176 3499 hac
1210 3433 1371 3514 interpre-

267 3535 395 3601 tatione
416 3533 528 3617 insint,
552 3554 610 3617 pro
633 3553 714 3600 vera
737 3553 807 3600 eam
829 3537 953 3600 babere
975 3553 1039 3600 non
1061 3553 1191 3616 possum

352 3652 430 3718 Cum
463 3657 573 3718 autem
600 3652 635 3717 in
662 3651 808 3717 omnibus
838 3671 919 3733 quas
949 3650 1072 3733 protuli
1099 3651 1371 3734 explicationibus

265 3754 339 3836 jure
363 3751 482 3818 offendi
504 3751 609 3835 possit
631 3770 736 3832 neque
753 3752 820 3835 jam
843 3751 910 3816 ulla
933 3750 999 3815 alia
1021 3769 1193 3832 superesse
1209 3751 1370 3831 videatur,

268 3851 377 3918 nescio
399 3872 442 3918 an
463 3853 567 3920 verba
593 3850 719 3917 tradita
741 3858 898 3932 corrupta
926 3850 1002 3917 sint.
1047 3853 1157 3931 Atque
1174 3853 1242 3935 jam
1272 3855 1371 3917 antea

353 4089 362 4117 ¹
381 4086 414 4140 cf.
432 4084 579 4152 Thalheim,
599 4085 727 4152 antiquit.
746 4083 825 4154 judic.
843 4100 931 4152 graec.
950 4101 975 4151 p.
993 4087 1027 4139 69
1045 4085 1105 4138 adn.
1123 4087 1147 4138 3.

351 4171 362 4199 ²
380 4169 414 4222 cf.
432 4168 449 4222 l.
467 4168 483 4222 l.
502 4185 528 4236 p.
547 4169 579 4222 72
596 4169 656 4222 adn.
674 4170 698 4221 4.
