3236 4924
671 1053 782 1148 Vi
817 1061 844 1148 t
878 1084 928 1152 a.

334 1216 443 1283 Natus
472 1235 540 1280 sum
573 1199 651 1281 Otto
684 1215 821 1282 Staeker
852 1212 1158 1298 Quodlinburgensis
1186 1213 1236 1278 die
1259 1213 1353 1278 VIIl.

253 1313 369 1380 mensis
391 1316 417 1381 J
418 1314 484 1380 unii
504 1334 534 1380 a.
556 1315 587 1380 h.
610 1334 635 1380 s.
658 1315 792 1380 LXHI.
818 1315 977 1379 Parentes
1003 1331 1137 1379 veneror
1164 1311 1354 1393 superstites

252 1420 377 1495 patrem
399 1413 603 1498 Guilelmum,
626 1419 761 1480 matrem
783 1414 930 1480 Minnam
952 1432 969 1478 e
994 1417 1090 1495 gente
1118 1412 1218 1480 Stein.
1262 1411 1355 1478 Fidei

253 1514 398 1580 addictus
420 1533 488 1579 sum
512 1513 723 1597 evangelicae.
766 1514 885 1580 Primis
905 1514 1086 1580 litterarum
1114 1513 1278 1579 elementis
1299 1512 1355 1577 im·

253 1614 348 1679 butus
362 1614 487 1696 patriae
501 1633 591 1679 meae
605 1614 803 1696 gymnasium
825 1633 880 1696 per
896 1632 1008 1680 novem
1026 1633 1126 1680 annos
1143 1614 1355 1695 frequentavi.

254 1714 340 1781 Vere
366 1733 395 1778 a.
423 1715 453 1778 h.
483 1733 507 1778 s.
537 1713 709 1778 LXXXI.
737 1713 933 1779 maturitatis
962 1712 1142 1779 testimonio
1171 1713 1355 1790 instructus,

254 1816 291 1878 ut
317 1810 432 1878 studiis
466 1811 665 1893 philologieis
695 1818 728 1877 et
759 1813 928 1879 theodiscis
962 1831 1090 1895 operam
1122 1812 1240 1896 darem,
1273 1812 1357 1894 apud

255 1914 442 1980 facultatem
484 1913 733 1994 philosophicam
775 1912 995 1979 universitatis
1030 1912 1206 1994 Lipsiensis
1243 1931 1357 1978 nomen

255 2012 415 2095 professus
444 2032 521 2079 sum.
572 2013 770 2094 lusequentis
798 2013 875 2079 anni
895 2031 972 2080 vere
998 2012 1183 2079 Berolinum
1212 2013 1358 2079 transmi-

255 2113 364 2197 gravi,
384 2119 416 2182 et
437 2131 508 2177 cum
537 2111 583 2177 ibi
613 2111 660 2178 bis
688 2130 744 2177 sex
773 2130 897 2177 menses
923 2115 1064 2176 moratus
1087 2130 1205 2193 essem,
1228 2112 1357 2194 accessi,

256 2216 292 2278 ut
313 2211 420 2278 studia
441 2229 512 2277 mea
526 2230 732 2292 persequerer
746 2216 778 2276 et
792 2210 999 2292 absolverem,
1015 2209 1057 2274 ad
1071 2209 1202 2275 Almam
1216 2211 1359 2276 Matrem
1443 2256 1446 2262 ·

259 2312 439 2378 Halensem.
483 2312 593 2391 Atque
615 2311 776 2377 seminarii
796 2310 1025 2393 philologorum
1047 2309 1203 2376 Halensis
1224 2329 1281 2392 per
1300 2310 1360 2376 duo

258 2411 424 2478 semestria
447 2411 565 2477 sodalis
586 2411 633 2476 fui
655 2411 841 2493 ordinarius,
864 2431 933 2476 cum
948 2411 1016 2495 jam
1031 2415 1127 2477 antea
1141 2409 1361 2492 proseminarii

258 2511 434 2593 Lipsiensis
466 2511 745 2577 exercitationibus
776 2510 1001 2577 interfuissem.
1044 2510 1150 2578 Utin
1175 2511 1361 2576 societatem

258 2611 480 2694 philologicam
501 2611 660 2693 reciperer
679 2611 780 2677 Keilii
801 2610 998 2693 benignitate
1012 2610 1089 2676 mihi
1103 2609 1250 2694 contigit3
1272 2627 1362 2691 prae

258 2719 348 2779 terea
380 2713 507 2778 Zacher
538 2712 580 2778 ad
612 2712 815 2778 seminarium
847 2712 1042 2778 theodiseum
1070 2731 1121 2776 me
1152 2709 1294 2791 admisit,
1327 2713 1364 2774 ut

260 2811 542 2878 exercitationibus
563 2811 629 2877 suis
657 2798 842 2877 interessem
870 2810 1096 2893 philosophicis
1123 2813 1251 2892 Haym‚
1277 2811 1364 2875 theo

261 2912 357 2978 discis
394 2910 519 2993 Gering
553 2910 689 2993 benigne
721 2915 952 2977 concesserunt.
1012 2909 1138 2992 Septies
1169 2916 1275 2976 autem
1308 2928 1365 2976 sex
1414 2931 1416 2936 ’

261 3011 422 3078 mensibus
443 3011 567 3077 scholas
582 3011 690 3077 audivi
703 3010 842 3081 virorum
864 3010 1159 3092 illustrissimorum,
1182 3010 1252 3091 prff.
1268 3010 1365 3075 doctt.

263 3111 498 3192 Biedermanni,
536 3109 668 3193 Georgii
704 3110 849 3192 Curtius,
885 3110 1030 3192 Heinzii,
1065 3109 1215 3190 Hirzelii,
1251 3108 1364 3190 Lipsii,

153 3227 155 3230 ·
261 3210 376 3292 Masii,
409 3210 595 3293 Ribbeckii‚
624 3210 779 3292 Seydelii,
807 3209 961 3275 Zamekii
988 3210 1214 3291 Lipsiensium3
1239 3209 1365 3286 Dielsii

262 3309 472 3392 Kirchholfii,
515 3309 763 3390 Muellenhoffii,
798 3309 949 3391 Roberti,
988 3308 1173 3392 Roedigeri,
1211 3309 1366 3390 Schereri,

262 3410 406 3479 Vahleni
421 3409 689 3490 Berolinensinm3
710 3408 961 3492 Dittenbergeri,
983 3409 1189 3491 Duemmleri,
1211 3407 1367 3492 Geringii,

261 3510 412 3592 Haymii‚
446 3509 582 3591 Hilleri,
615 3509 732 3592 Keilii,
766 3509 903 3578 Zacheri
923 3508 1125 3575 Halensium.

344 3609 411 3675 His
425 3608 505 3678 viris
527 3609 680 3690 omnibus,
702 3614 739 3676 ut
753 3609 882 3692 egregia
904 3614 978 3675 sunt
993 3627 1100 3675 eorum
1118 3609 1158 3674 de
1171 3628 1222 3675 me
1242 3609 1368 3691 merita,

262 3699 400 3792 gratiam
429 3710 550 3793 habeo,
573 3709 777 3791 praecipuam
799 3729 874 3776 vero
895 3709 951 3790 iis,
981 3708 1034 3789 qui
1062 3708 1095 3774 in
1122 3709 1290 3775 seminario
1312 3715 1369 3775 aut

263 3809 402 3892 privatis
430 3808 711 3875 exercitationibus
739 3809 791 3874 vel
819 3807 957 3874 consiliis
986 3807 1092 3873 studia
1120 3826 1191 3875 mea
1217 3808 1368 3874 foverunt

266 3915 362 3990 atque
383 3905 586 3993 adjuverunt.

671 4127 971 4137 ..ψ-...-
