<?xml version="1.0" encoding="UTF-8"?>
<!DOCTYPE html PUBLIC "-//W3C//DTD XHTML 1.0 Transitional//EN"
    "http://www.w3.org/TR/xhtml1/DTD/xhtml1-transitional.dtd">
<html xmlns="http://www.w3.org/1999/xhtml" xml:lang="en" lang="en">
 <head>
  <title>
</title>
<meta http-equiv="Content-Type" content="text/html;charset=utf-8" />
  <meta name='ocr-system' content='tesseract 3.04.00' />
  <meta name='ocr-capabilities' content='ocr_page ocr_carea ocr_par ocr_line ocrx_word'/>
</head>
<body>
  <div class='ocr_page' id='page_1' title='image "./delitisinstrume00staegoog_0059.png"; bbox 0 0 3236 4924; ppageno 0'>
   <div class='ocr_carea' id='block_1_1' title="bbox 712 348 825 410">
    <p class='ocr_par' dir='ltr' id='par_1_1' title="bbox 712 348 825 410">
     <span class='ocr_line' id='line_1_1' title="bbox 712 348 825 410; baseline 0.062 -6"><span class='ocrx_word' id='word_1_1' title='bbox 712 348 825 410; x_wconf 85' lang='grc'><strong>,54</strong></span> 
     </span>
    </p>
   </div>
   <div class='ocr_carea' id='block_1_2' title="bbox 377 543 1409 1431">
    <p class='ocr_par' dir='ltr' id='par_1_2' title="bbox 377 543 1409 1431">
     <span class='ocr_line' id='line_1_2' title="bbox 380 543 1360 634; baseline 0.001 -26"><span class='ocrx_word' id='word_1_2' title='bbox 380 543 578 631; x_wconf 71' lang='grc' dir='ltr'><strong><em>Ἱπποκράτης</em></strong></span> <span class='ocrx_word' id='word_1_3' title='bbox 605 543 670 607; x_wconf 79' lang='grc' dir='ltr'><em>εἷπε</em></span> <span class='ocrx_word' id='word_1_4' title='bbox 696 545 867 613; x_wconf 78' lang='grc' dir='ltr'><em>Πλαταιέας</em></span> <span class='ocrx_word' id='word_1_5' title='bbox 893 544 967 608; x_wconf 79' lang='grc' dir='ltr'><em>εἶναι</em></span> <span class='ocrx_word' id='word_1_6' title='bbox 992 543 1162 632; x_wconf 69' lang='grc' dir='ltr'><em>Ἀθηναίους</em></span> <span class='ocrx_word' id='word_1_7' title='bbox 1186 546 1246 608; x_wconf 66' lang='lat' dir='ltr'><strong>dau</strong></span> <span class='ocrx_word' id='word_1_8' title='bbox 1271 546 1360 634; x_wconf 73' lang='grc' dir='ltr'><em>τῆσδε</em></span> 
     </span>
     <span class='ocr_line' id='line_1_3' title="bbox 384 644 1409 732; baseline 0.004 -26"><span class='ocrx_word' id='word_1_9' title='bbox 384 649 438 732; x_wconf 72' lang='grc' dir='ltr'><strong>τῆς</strong></span> <span class='ocrx_word' id='word_1_10' title='bbox 464 644 593 730; x_wconf 68' lang='grc' dir='ltr'><em>ἡμέρας,</em></span> <span class='ocrx_word' id='word_1_11' title='bbox 623 644 759 728; x_wconf 77' lang='grc' dir='ltr'><em>ἐντιμοος</em></span> <span class='ocrx_word' id='word_1_12' title='bbox 784 644 924 729; x_wconf 64' lang='grc' dir='ltr'><em>καθάπερ</em></span> <span class='ocrx_word' id='word_1_13' title='bbox 952 646 978 708; x_wconf 76' lang='grc' dir='ltr'><strong>οἱ</strong></span> <span class='ocrx_word' id='word_1_14' title='bbox 1007 645 1089 708; x_wconf 79' lang='grc' dir='ltr'><em>ἄλλοι</em></span> <span class='ocrx_word' id='word_1_15' title='bbox 1123 644 1284 732; x_wconf 56' lang='lat' dir='ltr'><strong>impudice,</strong></span> <span class='ocrx_word' id='word_1_16' title='bbox 1313 649 1360 710; x_wconf 75' lang='grc' dir='ltr'><strong>καὶ</strong></span> <span class='ocrx_word' id='word_1_17' title='bbox 1407 659 1409 664; x_wconf 87' lang='grc'><strong>’</strong></span> 
     </span>
     <span class='ocr_line' id='line_1_4' title="bbox 377 743 1360 832; baseline 0.004 -26"><span class='ocrx_word' id='word_1_18' title='bbox 377 749 512 827; x_wconf 86' lang='grc' dir='ltr'><em>μετεῖναι</em></span> <span class='ocrx_word' id='word_1_19' title='bbox 550 745 653 812; x_wconf 75' lang='grc' dir='ltr'><em>αὐτοῖς</em></span> <span class='ocrx_word' id='word_1_20' title='bbox 678 743 782 828; x_wconf 81' lang='grc' dir='ltr'><em>ὧνπερ</em></span> <span class='ocrx_word' id='word_1_21' title='bbox 811 743 972 832; x_wconf 69' lang='grc' dir='ltr'><em>Ἀθηναίοις</em></span> <span class='ocrx_word' id='word_1_22' title='bbox 993 746 1115 828; x_wconf 84' lang='grc' dir='ltr'><em>μέτεστι</em></span> <span class='ocrx_word' id='word_1_23' title='bbox 1144 747 1279 820; x_wconf 83' lang='grc' dir='ltr'><em>πάντων,</em></span> <span class='ocrx_word' id='word_1_24' title='bbox 1313 749 1360 810; x_wconf 77' lang='grc' dir='ltr'><strong>καὶ</strong></span> 
     </span>
     <span class='ocr_line' id='line_1_5' title="bbox 381 842 1360 934; baseline 0.005 -29"><span class='ocrx_word' id='word_1_25' title='bbox 381 845 473 927; x_wconf 76' lang='grc' dir='ltr'><em>ἱερῶν</em></span> <span class='ocrx_word' id='word_1_26' title='bbox 494 845 542 907; x_wconf 79' lang='grc' dir='ltr'><strong>καὶ</strong></span> <span class='ocrx_word' id='word_1_27' title='bbox 563 843 665 919; x_wconf 79' lang='grc' dir='ltr'><em>ὁσίων,</em></span> <span class='ocrx_word' id='word_1_28' title='bbox 678 845 752 931; x_wconf 72' lang='grc' dir='ltr'><em>πλὴν</em></span> <span class='ocrx_word' id='word_1_29' title='bbox 774 842 805 908; x_wconf 77' lang='grc' dir='ltr'><strong>εἴ</strong></span> <span class='ocrx_word' id='word_1_30' title='bbox 823 868 868 913; x_wconf 88' lang='grc' dir='ltr'><strong>τις</strong></span> <span class='ocrx_word' id='word_1_31' title='bbox 886 846 1037 934; x_wconf 83' lang='grc' dir='ltr'><em>ἱερωσύνη</em></span> <span class='ocrx_word' id='word_1_32' title='bbox 1052 845 1087 932; x_wconf 74' lang='grc' dir='ltr'><em>ἢ</em></span> <span class='ocrx_word' id='word_1_33' title='bbox 1101 845 1204 922; x_wconf 74' lang='grc' dir='ltr'><em>τελετή</em></span> <span class='ocrx_word' id='word_1_34' title='bbox 1225 845 1304 924; x_wconf 81' lang='grc' dir='ltr'><em>ἐστιν</em></span> <span class='ocrx_word' id='word_1_35' title='bbox 1327 847 1360 910; x_wconf 83' lang='grc' dir='ltr'><strong>εἰι</strong></span> 
     </span>
     <span class='ocr_line' id='line_1_6' title="bbox 381 943 1358 1032; baseline 0.003 -26"><span class='ocrx_word' id='word_1_36' title='bbox 381 943 501 1025; x_wconf 71' lang='grc' dir='ltr'><em>γένους,</em></span> <span class='ocrx_word' id='word_1_37' title='bbox 520 944 601 1032; x_wconf 74' lang='grc' dir='ltr'><em>μηδὲ</em></span> <span class='ocrx_word' id='word_1_38' title='bbox 625 948 684 1006; x_wconf 82' lang='grc' dir='ltr'><strong>τῶν</strong></span> <span class='ocrx_word' id='word_1_39' title='bbox 706 943 793 1008; x_wconf 82' lang='grc' dir='ltr'><em>ἐννέα</em></span> <span class='ocrx_word' id='word_1_40' title='bbox 822 944 996 1028; x_wconf 73' lang='grc' dir='ltr'><em>ἀρχόντων,</em></span> <span class='ocrx_word' id='word_1_41' title='bbox 1027 951 1089 1014; x_wconf 85' lang='grc' dir='ltr'><em>τοῖς</em></span> <span class='ocrx_word' id='word_1_42' title='bbox 1117 944 1144 1007; x_wconf 80' lang='grc' dir='ltr'><strong>δ’</strong></span> <span class='ocrx_word' id='word_1_43' title='bbox 1173 944 1207 1007; x_wconf 82' lang='grc' dir='ltr'><strong>ἐκ</strong></span> <span class='ocrx_word' id='word_1_44' title='bbox 1236 946 1358 1009; x_wconf 84' lang='grc' dir='ltr'><em>τούτων.</em></span> 
     </span>
     <span class='ocr_line' id='line_1_7' title="bbox 380 1043 1362 1132; baseline 0.002 -25"><span class='ocrx_word' id='word_1_45' title='bbox 380 1049 556 1127; x_wconf 76' lang='grc' dir='ltr'><em>κατανεῖμαι</em></span> <span class='ocrx_word' id='word_1_46' title='bbox 578 1044 613 1106; x_wconf 72' lang='grc' dir='ltr'><strong>δὲ</strong></span> <span class='ocrx_word' id='word_1_47' title='bbox 637 1043 708 1112; x_wconf 88' lang='grc' dir='ltr'><em>τοὺς</em></span> <span class='ocrx_word' id='word_1_48' title='bbox 728 1043 900 1112; x_wconf 78' lang='grc' dir='ltr'><em>Πλαταιέας</em></span> <span class='ocrx_word' id='word_1_49' title='bbox 919 1044 964 1112; x_wconf 80' lang='grc' dir='ltr'><strong>εἷς</strong></span> <span class='ocrx_word' id='word_1_50' title='bbox 991 1043 1062 1114; x_wconf 83' lang='grc' dir='ltr'><em>τοὺς</em></span> <span class='ocrx_word' id='word_1_51' title='bbox 1088 1045 1205 1132; x_wconf 76' lang='grc' dir='ltr'><em>δήμους</em></span> <span class='ocrx_word' id='word_1_52' title='bbox 1229 1047 1277 1108; x_wconf 77' lang='grc' dir='ltr'><strong>καὶ</strong></span> <span class='ocrx_word' id='word_1_53' title='bbox 1308 1047 1362 1116; x_wconf 83' lang='grc' dir='ltr'><strong>τὰς</strong></span> 
     </span>
     <span class='ocr_line' id='line_1_8' title="bbox 382 1142 1359 1233; baseline 0 -25"><span class='ocrx_word' id='word_1_54' title='bbox 382 1143 484 1229; x_wconf 78' lang='grc' dir='ltr'><em>φυλάς.</em></span> <span class='ocrx_word' id='word_1_55' title='bbox 518 1143 639 1206; x_wconf 72' lang='grc' dir='ltr'><em>ἐπειδὰν</em></span> <span class='ocrx_word' id='word_1_56' title='bbox 672 1143 707 1206; x_wconf 79' lang='grc' dir='ltr'><strong>δὲ</strong></span> <span class='ocrx_word' id='word_1_57' title='bbox 737 1142 904 1231; x_wconf 69' lang='grc' dir='ltr'><em>νεμηθῶσι,</em></span> <span class='ocrx_word' id='word_1_58' title='bbox 923 1144 969 1230; x_wconf 75' lang='grc' dir='ltr'><strong>μὴ</strong></span> <span class='ocrx_word' id='word_1_59' title='bbox 1001 1143 1120 1217; x_wconf 82' lang='grc' dir='ltr'><em>ἐξέστω</em></span> <span class='ocrx_word' id='word_1_60' title='bbox 1147 1142 1190 1207; x_wconf 80' lang='grc' dir='ltr'><strong>ἔτι</strong></span> <span class='ocrx_word' id='word_1_61' title='bbox 1217 1143 1359 1233; x_wconf 69' lang='grc' dir='ltr'><em>Ἀθηναίῳ</em></span> 
     </span>
     <span class='ocr_line' id='line_1_9' title="bbox 378 1237 1359 1331; baseline 0.003 -25"><span class='ocrx_word' id='word_1_62' title='bbox 378 1244 486 1331; x_wconf 74' lang='grc' dir='ltr'><em>μηδενὶ</em></span> <span class='ocrx_word' id='word_1_63' title='bbox 517 1242 663 1325; x_wconf 56' lang='lat' dir='ltr'><strong>praendat</strong></span> <span class='ocrx_word' id='word_1_64' title='bbox 697 1237 890 1318; x_wconf 81' lang='grc' dir='ltr'><em>Πλαταιέων,</em></span> <span class='ocrx_word' id='word_1_65' title='bbox 920 1245 964 1330; x_wconf 78' lang='grc' dir='ltr'><strong>μὴ</strong></span> <span class='ocrx_word' id='word_1_66' title='bbox 997 1243 1155 1329; x_wconf 79' lang='grc' dir='ltr'><em>εὑρομένῳ</em></span> <span class='ocrx_word' id='word_1_67' title='bbox 1189 1246 1273 1330; x_wconf 82' lang='grc' dir='ltr'><em>παρὰ</em></span> <span class='ocrx_word' id='word_1_68' title='bbox 1307 1249 1359 1309; x_wconf 81' lang='grc' dir='ltr'><strong>τοῦ</strong></span> 
     </span>
     <span class='ocr_line' id='line_1_10' title="bbox 381 1342 743 1431; baseline -0.006 -24"><span class='ocrx_word' id='word_1_69' title='bbox 381 1343 478 1431; x_wconf 71' lang='grc' dir='ltr'><em>δῆμον</em></span> <span class='ocrx_word' id='word_1_70' title='bbox 502 1348 554 1407; x_wconf 86' lang='grc' dir='ltr'><strong>τοῦ</strong></span> <span class='ocrx_word' id='word_1_71' title='bbox 575 1342 743 1431; x_wconf 67' lang='grc' dir='ltr'><em>Ἀθηναίων.</em></span> 
     </span>
    </p>
   </div>
   <div class='ocr_carea' id='block_1_3' title="bbox 253 1467 1363 4259">
    <p class='ocr_par' dir='ltr' id='par_1_3' title="bbox 255 1467 1361 3160">
     <span class='ocr_line' id='line_1_11' title="bbox 340 1467 1361 1554; baseline 0.003 -20"><span class='ocrx_word' id='word_1_72' title='bbox 340 1470 390 1534; x_wconf 91' lang='lat' dir='ltr'><strong>De</strong></span> <span class='ocrx_word' id='word_1_73' title='bbox 418 1468 514 1552; x_wconf 90' lang='lat' dir='ltr'><strong>hujus</strong></span> <span class='ocrx_word' id='word_1_74' title='bbox 541 1468 700 1533; x_wconf 83' lang='lat' dir='ltr'><strong>formulae</strong></span> <span class='ocrx_word' id='word_1_75' title='bbox 727 1467 927 1534; x_wconf 88' lang='lat' dir='ltr'><strong>auctoritate</strong></span> <span class='ocrx_word' id='word_1_76' title='bbox 961 1487 1036 1532; x_wconf 94' lang='lat' dir='ltr'><strong>num</strong></span> <span class='ocrx_word' id='word_1_77' title='bbox 1065 1473 1155 1535; x_wconf 87' lang='lat' dir='ltr'><strong>certo</strong></span> <span class='ocrx_word' id='word_1_78' title='bbox 1188 1469 1361 1554; x_wconf 88' lang='lat' dir='ltr'><strong>dijudicari</strong></span> 
     </span>
     <span class='ocr_line' id='line_1_12' title="bbox 256 1566 1360 1652; baseline 0.003 -17"><span class='ocrx_word' id='word_1_79' title='bbox 256 1569 363 1652; x_wconf 85' lang='lat' dir='ltr'><strong>possit</strong></span> <span class='ocrx_word' id='word_1_80' title='bbox 376 1566 514 1634; x_wconf 82' lang='lat' dir='ltr'>maxime</span> <span class='ocrx_word' id='word_1_81' title='bbox 531 1567 654 1651; x_wconf 86' lang='lat' dir='ltr'><strong>dubito,</strong></span> <span class='ocrx_word' id='word_1_82' title='bbox 677 1587 749 1634; x_wconf 92' lang='lat' dir='ltr'><strong>cum</strong></span> <span class='ocrx_word' id='word_1_83' title='bbox 771 1570 832 1634; x_wconf 91' lang='lat' dir='ltr'><strong>hoo</strong></span> <span class='ocrx_word' id='word_1_84' title='bbox 853 1568 1082 1650; x_wconf 86' lang='lat' dir='ltr'><strong>populiscitum</strong></span> <span class='ocrx_word' id='word_1_85' title='bbox 1105 1571 1192 1636; x_wconf 89' lang='lat' dir='ltr'><strong>nullo</strong></span> <span class='ocrx_word' id='word_1_86' title='bbox 1212 1570 1275 1636; x_wconf 83' lang='lat' dir='ltr'><strong>aiio</strong></span> <span class='ocrx_word' id='word_1_87' title='bbox 1289 1572 1360 1638; x_wconf 89' lang='lat' dir='ltr'><strong>loco</strong></span> 
     </span>
     <span class='ocr_line' id='line_1_13' title="bbox 256 1668 1361 1754; baseline 0.004 -21"><span class='ocrx_word' id='word_1_88' title='bbox 256 1668 419 1733; x_wconf 87' lang='lat' dir='ltr'><strong>laudetur.</strong></span> <span class='ocrx_word' id='word_1_89' title='bbox 478 1670 588 1748; x_wconf 87' lang='lat' dir='ltr'><strong>Atque</strong></span> <span class='ocrx_word' id='word_1_90' title='bbox 617 1669 679 1734; x_wconf 88' lang='lat' dir='ltr'><strong>hac</strong></span> <span class='ocrx_word' id='word_1_91' title='bbox 707 1669 834 1750; x_wconf 87' lang='lat' dir='ltr'><strong>quidem</strong></span> <span class='ocrx_word' id='word_1_92' title='bbox 863 1670 1003 1734; x_wconf 86' lang='lat' dir='ltr'><strong>formula</strong></span> <span class='ocrx_word' id='word_1_93' title='bbox 1037 1688 1100 1734; x_wconf 95' lang='lat' dir='ltr'><strong>non</strong></span> <span class='ocrx_word' id='word_1_94' title='bbox 1128 1674 1234 1738; x_wconf 88' lang='lat' dir='ltr'><strong>totum</strong></span> <span class='ocrx_word' id='word_1_95' title='bbox 1262 1690 1361 1754; x_wconf 91' lang='lat' dir='ltr'><strong>popu·</strong></span> 
     </span>
     <span class='ocr_line' id='line_1_14' title="bbox 255 1768 1360 1860; baseline 0.004 -27"><span class='ocrx_word' id='word_1_96' title='bbox 255 1768 404 1838; x_wconf 70' lang='lat' dir='ltr'><strong>liscitum¹</strong></span> <span class='ocrx_word' id='word_1_97' title='bbox 424 1768 585 1860; x_wconf 85' lang='lat' dir='ltr'><strong>contineri</strong></span> <span class='ocrx_word' id='word_1_98' title='bbox 613 1787 684 1834; x_wconf 90' lang='lat' dir='ltr'><strong>oum</strong></span> <span class='ocrx_word' id='word_1_99' title='bbox 712 1788 772 1850; x_wconf 90' lang='lat' dir='ltr'><strong>per</strong></span> <span class='ocrx_word' id='word_1_100' title='bbox 800 1788 835 1834; x_wconf 88' lang='lat' dir='ltr'><strong>se</strong></span> <span class='ocrx_word' id='word_1_101' title='bbox 857 1768 1034 1836; x_wconf 89' lang='lat' dir='ltr'><strong>verisimile</strong></span> <span class='ocrx_word' id='word_1_102' title='bbox 1057 1777 1124 1850; x_wconf 85' lang='lat' dir='ltr'><strong>est,</strong></span> <span class='ocrx_word' id='word_1_103' title='bbox 1152 1774 1222 1836; x_wconf 88' lang='lat' dir='ltr'><strong>tum</strong></span> <span class='ocrx_word' id='word_1_104' title='bbox 1250 1772 1360 1838; x_wconf 86' lang='lat' dir='ltr'><strong>exiis</strong></span> 
     </span>
     <span class='ocr_line' id='line_1_15' title="bbox 256 1869 1361 1953; baseline 0.002 -18"><span class='ocrx_word' id='word_1_105' title='bbox 256 1877 412 1953; x_wconf 87' lang='lat' dir='ltr'><strong>apparet,</strong></span> <span class='ocrx_word' id='word_1_106' title='bbox 440 1889 523 1952; x_wconf 91' lang='lat' dir='ltr'><strong>quae</strong></span> <span class='ocrx_word' id='word_1_107' title='bbox 553 1874 665 1935; x_wconf 91' lang='lat' dir='ltr'><strong>orator</strong></span> <span class='ocrx_word' id='word_1_108' title='bbox 694 1869 877 1951; x_wconf 87' lang='lat' dir='ltr'><strong>explicandi</strong></span> <span class='ocrx_word' id='word_1_109' title='bbox 907 1889 1007 1935; x_wconf 86' lang='lat' dir='ltr'><strong>causa</strong></span> <span class='ocrx_word' id='word_1_110' title='bbox 1036 1870 1172 1937; x_wconf 82' lang='lat' dir='ltr'><strong>addidit.</strong></span> <span class='ocrx_word' id='word_1_111' title='bbox 1215 1872 1361 1937; x_wconf 81' lang='lat' dir='ltr'>Possunt</span> 
     </span>
     <span class='ocr_line' id='line_1_16' title="bbox 256 1969 1360 2053; baseline 0.001 -16"><span class='ocrx_word' id='word_1_112' title='bbox 256 1977 367 2037; x_wconf 92' lang='lat' dir='ltr'><strong>autem</strong></span> <span class='ocrx_word' id='word_1_113' title='bbox 399 1970 526 2037; x_wconf 88' lang='lat' dir='ltr'><strong>tradita</strong></span> <span class='ocrx_word' id='word_1_114' title='bbox 553 1972 656 2036; x_wconf 87' lang='lat' dir='ltr'><strong>verba</strong></span> <span class='ocrx_word' id='word_1_115' title='bbox 687 1971 782 2036; x_wconf 87' lang='lat' dir='ltr'><strong>initio</strong></span> <span class='ocrx_word' id='word_1_116' title='bbox 811 1969 1001 2052; x_wconf 88' lang='lat' dir='ltr'><strong>populisciti</strong></span> <span class='ocrx_word' id='word_1_117' title='bbox 1033 1970 1158 2053; x_wconf 87' lang='lat' dir='ltr'><strong>scripta</strong></span> <span class='ocrx_word' id='word_1_118' title='bbox 1191 1971 1293 2038; x_wconf 87' lang='lat' dir='ltr'><strong>fuisse</strong></span> <span class='ocrx_word' id='word_1_119' title='bbox 1326 1977 1360 2038; x_wconf 91' lang='lat' dir='ltr'><strong>et</strong></span> 
     </span>
     <span class='ocr_line' id='line_1_17' title="bbox 256 2070 1360 2154; baseline 0.004 -18"><span class='ocrx_word' id='word_1_120' title='bbox 256 2090 334 2137; x_wconf 90' lang='lat' dir='ltr'><strong>casu</strong></span> <span class='ocrx_word' id='word_1_121' title='bbox 356 2072 529 2153; x_wconf 83' lang='lat' dir='ltr'><strong>nescioquo</strong></span> <span class='ocrx_word' id='word_1_122' title='bbox 553 2072 660 2136; x_wconf 89' lang='lat' dir='ltr'><strong>altera</strong></span> <span class='ocrx_word' id='word_1_123' title='bbox 681 2091 775 2154; x_wconf 76' lang='lat' dir='ltr'><strong>pam,</strong></span> <span class='ocrx_word' id='word_1_124' title='bbox 798 2070 831 2136; x_wconf 91' lang='lat' dir='ltr'><strong>in</strong></span> <span class='ocrx_word' id='word_1_125' title='bbox 859 2089 923 2152; x_wconf 90' lang='lat' dir='ltr'><strong>qua</strong></span> <span class='ocrx_word' id='word_1_126' title='bbox 946 2089 1016 2136; x_wconf 92' lang='lat' dir='ltr'><strong>cum</strong></span> <span class='ocrx_word' id='word_1_127' title='bbox 1045 2072 1085 2137; x_wconf 92' lang='lat' dir='ltr'><strong>de</strong></span> <span class='ocrx_word' id='word_1_128' title='bbox 1113 2072 1186 2138; x_wconf 93' lang='lat' dir='ltr'><strong>aliis</strong></span> <span class='ocrx_word' id='word_1_129' title='bbox 1215 2072 1360 2140; x_wconf 84' lang='lat' dir='ltr'><strong>fortasse</strong></span> 
     </span>
     <span class='ocr_line' id='line_1_18' title="bbox 256 2171 1360 2253; baseline 0.001 -16"><span class='ocrx_word' id='word_1_130' title='bbox 256 2178 324 2238; x_wconf 86' lang='lat' dir='ltr'><strong>tum</strong></span> <span class='ocrx_word' id='word_1_131' title='bbox 346 2173 386 2238; x_wconf 93' lang='lat' dir='ltr'><strong>de</strong></span> <span class='ocrx_word' id='word_1_132' title='bbox 409 2172 557 2239; x_wconf 83' lang='lat' dir='ltr'><strong>examine</strong></span> <span class='ocrx_word' id='word_1_133' title='bbox 579 2171 848 2252; x_wconf 87' lang='lat' dir='ltr'><strong>recipiendorum,</strong></span> <span class='ocrx_word' id='word_1_134' title='bbox 872 2171 912 2235; x_wconf 93' lang='lat' dir='ltr'><strong>de</strong></span> <span class='ocrx_word' id='word_1_135' title='bbox 934 2171 1174 2253; x_wconf 80' lang='lat' dir='ltr'><strong>perscriptione</strong></span> <span class='ocrx_word' id='word_1_136' title='bbox 1196 2171 1360 2238; x_wconf 88' lang='lat' dir='ltr'><strong>nominum</strong></span> 
     </span>
     <span class='ocr_line' id='line_1_19' title="bbox 257 2271 1361 2355; baseline 0 -17"><span class='ocrx_word' id='word_1_137' title='bbox 257 2274 361 2355; x_wconf 91' lang='lat' dir='ltr'><strong>deque</strong></span> <span class='ocrx_word' id='word_1_138' title='bbox 384 2272 521 2340; x_wconf 89' lang='lat' dir='ltr'><strong>civitate</strong></span> <span class='ocrx_word' id='word_1_139' title='bbox 543 2273 683 2338; x_wconf 91' lang='lat' dir='ltr'><strong>filiorum</strong></span> <span class='ocrx_word' id='word_1_140' title='bbox 706 2271 944 2352; x_wconf 79' lang='lat' dir='ltr'><strong>disserebatur,</strong></span> <span class='ocrx_word' id='word_1_141' title='bbox 967 2289 1126 2350; x_wconf 92' lang='lat' dir='ltr'><strong>quamque</strong></span> <span class='ocrx_word' id='word_1_142' title='bbox 1151 2271 1257 2353; x_wconf 86' lang='lat' dir='ltr'><strong>ipsam</strong></span> <span class='ocrx_word' id='word_1_143' title='bbox 1286 2292 1361 2353; x_wconf 92' lang='lat' dir='ltr'><strong>quo-</strong></span> 
     </span>
     <span class='ocr_line' id='line_1_20' title="bbox 257 2371 1360 2456; baseline -0.002 -16"><span class='ocrx_word' id='word_1_144' title='bbox 257 2393 319 2456; x_wconf 87' lang='lat' dir='ltr'><strong>que</strong></span> <span class='ocrx_word' id='word_1_145' title='bbox 341 2380 505 2440; x_wconf 88' lang='lat' dir='ltr'><strong>oratorem</strong></span> <span class='ocrx_word' id='word_1_146' title='bbox 527 2372 593 2454; x_wconf 84' lang='lat' dir='ltr'><strong>legi</strong></span> <span class='ocrx_word' id='word_1_147' title='bbox 611 2371 749 2456; x_wconf 89' lang='lat' dir='ltr'><strong>jussisse</strong></span> <span class='ocrx_word' id='word_1_148' title='bbox 771 2390 961 2453; x_wconf 90' lang='lat' dir='ltr'><strong>persuasum</strong></span> <span class='ocrx_word' id='word_1_149' title='bbox 985 2371 1106 2452; x_wconf 85' lang='lat' dir='ltr'><strong>habeo,</strong></span> <span class='ocrx_word' id='word_1_150' title='bbox 1132 2378 1250 2453; x_wconf 85' lang='lat' dir='ltr'><strong>postea</strong></span> <span class='ocrx_word' id='word_1_151' title='bbox 1277 2373 1360 2438; x_wconf 88' lang='lat' dir='ltr'><strong>exci-</strong></span> 
     </span>
     <span class='ocr_line' id='line_1_21' title="bbox 256 2471 1359 2556; baseline -0.001 -16"><span class='ocrx_word' id='word_1_152' title='bbox 256 2475 353 2540; x_wconf 90' lang='lat' dir='ltr'><strong>disse.</strong></span> <span class='ocrx_word' id='word_1_153' title='bbox 407 2473 466 2539; x_wconf 85' lang='lat' dir='ltr'><strong>Cui</strong></span> <span class='ocrx_word' id='word_1_154' title='bbox 492 2471 677 2540; x_wconf 86' lang='lat' dir='ltr'><strong>sententiae</strong></span> <span class='ocrx_word' id='word_1_155' title='bbox 703 2491 767 2536; x_wconf 94' lang='lat' dir='ltr'><strong>non</strong></span> <span class='ocrx_word' id='word_1_156' title='bbox 797 2479 973 2556; x_wconf 86' lang='lat' dir='ltr'><strong>repugnat,</strong></span> <span class='ocrx_word' id='word_1_157' title='bbox 1008 2471 1092 2553; x_wconf 91' lang='lat' dir='ltr'><strong>quod</strong></span> <span class='ocrx_word' id='word_1_158' title='bbox 1131 2471 1252 2537; x_wconf 89' lang='lat' dir='ltr'><strong>nomini</strong></span> <span class='ocrx_word' id='word_1_159' title='bbox 1280 2474 1359 2556; x_wconf 68' lang='lat' dir='ltr'><strong>ejus</strong></span> 
     </span>
     <span class='ocr_line' id='line_1_22' title="bbox 257 2571 1359 2658; baseline -0.001 -17"><span class='ocrx_word' id='word_1_160' title='bbox 257 2576 312 2656; x_wconf 92' lang='lat' dir='ltr'><strong>qui</strong></span> <span class='ocrx_word' id='word_1_161' title='bbox 343 2577 449 2658; x_wconf 84' lang='lat' dir='ltr'><strong>legem</strong></span> <span class='ocrx_word' id='word_1_162' title='bbox 482 2575 620 2656; x_wconf 77' lang='lat' dir='ltr'><strong>tulerat,</strong></span> <span class='ocrx_word' id='word_1_163' title='bbox 649 2572 780 2638; x_wconf 90' lang='lat' dir='ltr'><strong>nomina</strong></span> <span class='ocrx_word' id='word_1_164' title='bbox 813 2572 919 2654; x_wconf 91' lang='lat' dir='ltr'><strong>patris</strong></span> <span class='ocrx_word' id='word_1_165' title='bbox 952 2580 1011 2638; x_wconf 90' lang='lat' dir='ltr'><strong>aut</strong></span> <span class='ocrx_word' id='word_1_166' title='bbox 1039 2571 1119 2656; x_wconf 85' lang='lat' dir='ltr'><strong>pagi</strong></span> <span class='ocrx_word' id='word_1_167' title='bbox 1152 2572 1268 2640; x_wconf 89' lang='lat' dir='ltr'><strong>addita</strong></span> <span class='ocrx_word' id='word_1_168' title='bbox 1295 2593 1359 2640; x_wconf 94' lang='lat' dir='ltr'><strong>non</strong></span> 
     </span>
     <span class='ocr_line' id='line_1_23' title="bbox 256 2673 1359 2755; baseline 0 -15"><span class='ocrx_word' id='word_1_169' title='bbox 256 2680 351 2754; x_wconf 83' lang='lat' dir='ltr'><strong>sunt3</strong></span> <span class='ocrx_word' id='word_1_170' title='bbox 373 2673 502 2740; x_wconf 90' lang='lat' dir='ltr'><strong>namin</strong></span> <span class='ocrx_word' id='word_1_171' title='bbox 526 2674 572 2739; x_wconf 89' lang='lat' dir='ltr'><strong>eis</strong></span> <span class='ocrx_word' id='word_1_172' title='bbox 595 2673 748 2755; x_wconf 70' lang='lat' dir='ltr'><strong>decretis</strong></span> <span class='ocrx_word' id='word_1_173' title='bbox 772 2691 856 2753; x_wconf 89' lang='lat' dir='ltr'><strong>quae</strong></span> <span class='ocrx_word' id='word_1_174' title='bbox 879 2680 957 2738; x_wconf 89' lang='lat' dir='ltr'><strong>ante</strong></span> <span class='ocrx_word' id='word_1_175' title='bbox 979 2691 1099 2738; x_wconf 88' lang='lat' dir='ltr'><strong>annum</strong></span> <span class='ocrx_word' id='word_1_176' title='bbox 1114 2692 1143 2738; x_wconf 90' lang='lat' dir='ltr'><strong>a.</strong></span> <span class='ocrx_word' id='word_1_177' title='bbox 1160 2674 1234 2739; x_wconf 83' lang='lat' dir='ltr'><strong>Chr.</strong></span> <span class='ocrx_word' id='word_1_178' title='bbox 1251 2694 1281 2739; x_wconf 92' lang='lat'><strong>11.</strong></span> <span class='ocrx_word' id='word_1_179' title='bbox 1298 2675 1359 2740; x_wconf 83' lang='lat'><strong>353</strong></span> 
     </span>
     <span class='ocr_line' id='line_1_24' title="bbox 257 2773 1359 2858; baseline 0 -18"><span class='ocrx_word' id='word_1_180' title='bbox 257 2774 407 2841; x_wconf 86' lang='lat' dir='ltr'><strong>confecta</strong></span> <span class='ocrx_word' id='word_1_181' title='bbox 429 2780 514 2858; x_wconf 88' lang='lat' dir='ltr'><strong>sunt,</strong></span> <span class='ocrx_word' id='word_1_182' title='bbox 537 2792 695 2855; x_wconf 86' lang='lat' dir='ltr'><strong>nusquam</strong></span> <span class='ocrx_word' id='word_1_183' title='bbox 718 2775 798 2838; x_wconf 86' lang='lat' dir='ltr'><strong>haec</strong></span> <span class='ocrx_word' id='word_1_184' title='bbox 819 2773 950 2838; x_wconf 90' lang='lat' dir='ltr'><strong>nomina</strong></span> <span class='ocrx_word' id='word_1_185' title='bbox 972 2773 1147 2840; x_wconf 87' lang='lat' dir='ltr'><strong>adduntur.</strong></span> <span class='ocrx_word' id='word_1_186' title='bbox 1190 2775 1303 2855; x_wconf 90' lang='lat' dir='ltr'><strong>Neque</strong></span> <span class='ocrx_word' id='word_1_187' title='bbox 1322 2794 1359 2840; x_wconf 90' lang='lat' dir='ltr'><strong>eo</strong></span> 
     </span>
     <span class='ocr_line' id='line_1_25' title="bbox 257 2872 1359 2959; baseline -0.002 -18"><span class='ocrx_word' id='word_1_188' title='bbox 257 2875 449 2959; x_wconf 86' lang='lat' dir='ltr'><strong>offendaris,</strong></span> <span class='ocrx_word' id='word_1_189' title='bbox 477 2876 563 2958; x_wconf 88' lang='lat' dir='ltr'><strong>quod</strong></span> <span class='ocrx_word' id='word_1_190' title='bbox 597 2873 727 2940; x_wconf 90' lang='lat' dir='ltr'><strong>nomina</strong></span> <span class='ocrx_word' id='word_1_191' title='bbox 760 2872 943 2956; x_wconf 74' lang='lat' dir='ltr'><strong>archontiS,</strong></span> <span class='ocrx_word' id='word_1_192' title='bbox 971 2874 1092 2956; x_wconf 90' lang='lat' dir='ltr'><strong>tribus,</strong></span> <span class='ocrx_word' id='word_1_193' title='bbox 1123 2875 1267 2957; x_wconf 86' lang='lat' dir='ltr'><strong>scribae,</strong></span> <span class='ocrx_word' id='word_1_194' title='bbox 1296 2874 1359 2940; x_wconf 90' lang='lat' dir='ltr'><strong>diei</strong></span> 
     </span>
     <span class='ocr_line' id='line_1_26' title="bbox 256 2973 1360 3059; baseline -0.001 -18"><span class='ocrx_word' id='word_1_195' title='bbox 256 2994 320 3041; x_wconf 91' lang='lat' dir='ltr'><strong>uon</strong></span> <span class='ocrx_word' id='word_1_196' title='bbox 343 2981 491 3057; x_wconf 87' lang='lat' dir='ltr'><strong>exstant,</strong></span> <span class='ocrx_word' id='word_1_197' title='bbox 514 2995 589 3042; x_wconf 90' lang='lat' dir='ltr'><strong>uam</strong></span> <span class='ocrx_word' id='word_1_198' title='bbox 610 2975 692 3040; x_wconf 90' lang='lat' dir='ltr'><strong>haec</strong></span> <span class='ocrx_word' id='word_1_199' title='bbox 713 2973 845 3039; x_wconf 91' lang='lat' dir='ltr'><strong>nomina</strong></span> <span class='ocrx_word' id='word_1_200' title='bbox 866 2973 964 3039; x_wconf 88' lang='lat' dir='ltr'><strong>facile</strong></span> <span class='ocrx_word' id='word_1_201' title='bbox 982 2975 1051 3059; x_wconf 89' lang='lat' dir='ltr'><strong>jam</strong></span> <span class='ocrx_word' id='word_1_202' title='bbox 1073 2982 1186 3040; x_wconf 92' lang='lat' dir='ltr'><strong>orator</strong></span> <span class='ocrx_word' id='word_1_203' title='bbox 1208 2974 1360 3040; x_wconf 90' lang='lat' dir='ltr'><strong>omittere</strong></span> 
     </span>
     <span class='ocr_line' id='line_1_27' title="bbox 256 3073 1258 3160; baseline -0.006 -17"><span class='ocrx_word' id='word_1_204' title='bbox 256 3077 373 3160; x_wconf 89' lang='lat' dir='ltr'><strong>potuit,</strong></span> <span class='ocrx_word' id='word_1_205' title='bbox 396 3096 466 3142; x_wconf 92' lang='lat' dir='ltr'><strong>oum</strong></span> <span class='ocrx_word' id='word_1_206' title='bbox 489 3076 595 3141; x_wconf 90' lang='lat' dir='ltr'><strong>omnia</strong></span> <span class='ocrx_word' id='word_1_207' title='bbox 617 3094 808 3141; x_wconf 87' lang='lat' dir='ltr'><strong>enumerare</strong></span> <span class='ocrx_word' id='word_1_208' title='bbox 830 3073 960 3139; x_wconf 90' lang='lat' dir='ltr'><strong>minime</strong></span> <span class='ocrx_word' id='word_1_209' title='bbox 982 3093 1000 3140; x_wconf 93' lang='lat' dir='ltr'><strong>e</strong></span> <span class='ocrx_word' id='word_1_210' title='bbox 1021 3095 1058 3140; x_wconf 92' lang='lat' dir='ltr'><strong>re</strong></span> <span class='ocrx_word' id='word_1_211' title='bbox 1079 3093 1140 3141; x_wconf 87' lang='lat' dir='ltr'><strong>sua</strong></span> <span class='ocrx_word' id='word_1_212' title='bbox 1161 3081 1258 3141; x_wconf 88' lang='lat' dir='ltr'><strong>esset.</strong></span> 
     </span>
    </p>

    <p class='ocr_par' dir='ltr' id='par_1_4' title="bbox 253 3174 1363 4058">
     <span class='ocr_line' id='line_1_28' title="bbox 339 3174 1359 3244; baseline -0.003 -1"><span class='ocrx_word' id='word_1_213' title='bbox 339 3178 452 3244; x_wconf 84' lang='lat' dir='ltr'><strong>Verba</strong></span> <span class='ocrx_word' id='word_1_214' title='bbox 474 3183 583 3243; x_wconf 90' lang='lat' dir='ltr'><strong>autem</strong></span> <span class='ocrx_word' id='word_1_215' title='bbox 611 3176 772 3241; x_wconf 84' lang='lat' dir='ltr'><strong>formulae</strong></span> <span class='ocrx_word' id='word_1_216' title='bbox 801 3181 836 3240; x_wconf 91' lang='lat' dir='ltr'><strong>et</strong></span> <span class='ocrx_word' id='word_1_217' title='bbox 857 3174 960 3239; x_wconf 89' lang='lat' dir='ltr'><strong>verba</strong></span> <span class='ocrx_word' id='word_1_218' title='bbox 989 3176 1131 3241; x_wconf 88' lang='lat' dir='ltr'><strong>oratoris</strong></span> <span class='ocrx_word' id='word_1_219' title='bbox 1160 3175 1202 3240; x_wconf 89' lang='lat' dir='ltr'><strong>ad</strong></span> <span class='ocrx_word' id='word_1_220' title='bbox 1230 3174 1359 3241; x_wconf 89' lang='lat' dir='ltr'><strong>easdem</strong></span> 
     </span>
     <span class='ocr_line' id='line_1_29' title="bbox 256 3273 1361 3358; baseline -0.004 -16"><span class='ocrx_word' id='word_1_221' title='bbox 256 3295 310 3342; x_wconf 89' lang='lat' dir='ltr'><strong>res</strong></span> <span class='ocrx_word' id='word_1_222' title='bbox 332 3274 535 3358; x_wconf 87' lang='lat' dir='ltr'><strong>pertinentia</strong></span> <span class='ocrx_word' id='word_1_223' title='bbox 557 3274 679 3356; x_wconf 92' lang='lat' dir='ltr'><strong>optime</strong></span> <span class='ocrx_word' id='word_1_224' title='bbox 701 3274 789 3340; x_wconf 87' lang='lat' dir='ltr'><strong>inter</strong></span> <span class='ocrx_word' id='word_1_225' title='bbox 812 3293 847 3340; x_wconf 88' lang='lat' dir='ltr'><strong>se</strong></span> <span class='ocrx_word' id='word_1_226' title='bbox 870 3273 1075 3356; x_wconf 87' lang='lat' dir='ltr'><strong>conveniunt,</strong></span> <span class='ocrx_word' id='word_1_227' title='bbox 1098 3292 1203 3355; x_wconf 90' lang='lat' dir='ltr'><strong>neque</strong></span> <span class='ocrx_word' id='word_1_228' title='bbox 1225 3274 1361 3338; x_wconf 90' lang='lat' dir='ltr'><strong>multum</strong></span> 
     </span>
     <span class='ocr_line' id='line_1_30' title="bbox 256 3373 1363 3461; baseline 0.001 -20"><span class='ocrx_word' id='word_1_229' title='bbox 256 3376 361 3458; x_wconf 87' lang='lat' dir='ltr'><strong>valet,</strong></span> <span class='ocrx_word' id='word_1_230' title='bbox 396 3377 481 3456; x_wconf 91' lang='lat' dir='ltr'><strong>quod</strong></span> <span class='ocrx_word' id='word_1_231' title='bbox 514 3381 627 3441; x_wconf 89' lang='lat' dir='ltr'><strong>orator</strong></span> <span class='ocrx_word' id='word_1_232' title='bbox 660 3373 740 3438; x_wconf 87' lang='lat' dir='ltr'><strong>dicit</strong></span> <span class='ocrx_word' id='word_1_233' title='bbox 769 3375 983 3439; x_wconf 86' lang='lat' dir='ltr'><strong>Plataeenses</strong></span> <span class='ocrx_word' id='word_1_234' title='bbox 1012 3375 1166 3461; x_wconf 72' lang='grc' dir='ltr'><em>μηδεμιᾶς</em></span> <span class='ocrx_word' id='word_1_235' title='bbox 1195 3374 1363 3461; x_wconf 76' lang='grc' dir='ltr'><em>ἱερωσύνης</em></span> 
     </span>
     <span class='ocr_line' id='line_1_31' title="bbox 253 3475 1361 3560; baseline -0.002 -22"><span class='ocrx_word' id='word_1_236' title='bbox 253 3476 407 3560; x_wconf 73' lang='grc' dir='ltr'><em>μετέχειν,</em></span> <span class='ocrx_word' id='word_1_237' title='bbox 437 3495 507 3541; x_wconf 87' lang='lat' dir='ltr'><strong>cum</strong></span> <span class='ocrx_word' id='word_1_238' title='bbox 540 3476 574 3540; x_wconf 91' lang='lat' dir='ltr'><strong>in</strong></span> <span class='ocrx_word' id='word_1_239' title='bbox 604 3475 744 3540; x_wconf 83' lang='lat' dir='ltr'><strong>formula</strong></span> <span class='ocrx_word' id='word_1_240' title='bbox 777 3475 924 3558; x_wconf 83' lang='lat' dir='ltr'><strong>legamus</strong></span> <span class='ocrx_word' id='word_1_241' title='bbox 953 3479 1089 3557; x_wconf 80' lang='grc' dir='ltr'><em>μετεῖναι</em></span> <span class='ocrx_word' id='word_1_242' title='bbox 1116 3477 1164 3537; x_wconf 76' lang='grc' dir='ltr'><strong>καὶ</strong></span> <span class='ocrx_word' id='word_1_243' title='bbox 1192 3475 1285 3558; x_wconf 80' lang='grc' dir='ltr'><em>ἱερῶν</em></span> <span class='ocrx_word' id='word_1_244' title='bbox 1314 3475 1361 3537; x_wconf 80' lang='grc' dir='ltr'><strong>καὶ</strong></span> 
     </span>
     <span class='ocr_line' id='line_1_32' title="bbox 256 3573 1357 3663; baseline 0.002 -27"><span class='ocrx_word' id='word_1_245' title='bbox 256 3575 354 3650; x_wconf 81' lang='grc' dir='ltr'><em>ιἰσίων,</em></span> <span class='ocrx_word' id='word_1_246' title='bbox 377 3577 450 3663; x_wconf 77' lang='grc' dir='ltr'><em>πλην</em></span> <span class='ocrx_word' id='word_1_247' title='bbox 466 3573 551 3644; x_wconf 76' lang='grc' dir='ltr'><em>εἴτις</em></span> <span class='ocrx_word' id='word_1_248' title='bbox 570 3574 720 3662; x_wconf 74' lang='grc' dir='ltr'><em>ἱερωσύνη</em></span> <span class='ocrx_word' id='word_1_249' title='bbox 735 3574 754 3662; x_wconf 72' lang='grc' dir='ltr'><em>ἦ</em></span> <span class='ocrx_word' id='word_1_250' title='bbox 771 3575 874 3662; x_wconf 78' lang='grc' dir='ltr'><em>τελετή</em></span> <span class='ocrx_word' id='word_1_251' title='bbox 896 3574 974 3637; x_wconf 79' lang='grc' dir='ltr'><em>ἐστιν</em></span> <span class='ocrx_word' id='word_1_252' title='bbox 989 3573 1022 3636; x_wconf 86' lang='grc' dir='ltr'><strong>ἐκ</strong></span> <span class='ocrx_word' id='word_1_253' title='bbox 1042 3573 1160 3655; x_wconf 72' lang='grc' dir='ltr'><em>γένοοςς</em></span> <span class='ocrx_word' id='word_1_254' title='bbox 1184 3592 1256 3639; x_wconf 80' lang='lat' dir='ltr'><strong>cum</strong></span> <span class='ocrx_word' id='word_1_255' title='bbox 1275 3574 1357 3639; x_wconf 83' lang='lat' dir='ltr'><strong>clliln</strong></span> 
     </span>
     <span class='ocr_line' id='line_1_33' title="bbox 257 3673 1360 3758; baseline -0.003 -16"><span class='ocrx_word' id='word_1_256' title='bbox 257 3678 355 3758; x_wconf 84' lang='lat' dir='ltr'><strong>longe</strong></span> <span class='ocrx_word' id='word_1_257' title='bbox 375 3675 518 3757; x_wconf 90' lang='lat' dir='ltr'><strong>plurima</strong></span> <span class='ocrx_word' id='word_1_258' title='bbox 539 3674 726 3740; x_wconf 88' lang='lat' dir='ltr'><strong>sacerdotia</strong></span> <span class='ocrx_word' id='word_1_259' title='bbox 748 3673 934 3740; x_wconf 87' lang='lat' dir='ltr'><strong>hereditate</strong></span> <span class='ocrx_word' id='word_1_260' title='bbox 955 3673 1046 3738; x_wconf 89' lang='lat' dir='ltr'><strong>intra</strong></span> <span class='ocrx_word' id='word_1_261' title='bbox 1068 3678 1201 3756; x_wconf 76' lang='lat' dir='ltr'><strong>genteS,</strong></span> <span class='ocrx_word' id='word_1_262' title='bbox 1222 3673 1257 3738; x_wconf 93' lang='lat' dir='ltr'><strong>in</strong></span> <span class='ocrx_word' id='word_1_263' title='bbox 1280 3693 1360 3754; x_wconf 89' lang='lat' dir='ltr'><strong>quas</strong></span> 
     </span>
     <span class='ocr_line' id='line_1_34' title="bbox 257 3773 1361 3857; baseline -0.004 -17"><span class='ocrx_word' id='word_1_264' title='bbox 257 3774 386 3857; x_wconf 89' lang='lat' dir='ltr'><strong>quidem</strong></span> <span class='ocrx_word' id='word_1_265' title='bbox 402 3776 615 3840; x_wconf 86' lang='lat' dir='ltr'><strong>Plataeenses</strong></span> <span class='ocrx_word' id='word_1_266' title='bbox 630 3793 694 3840; x_wconf 92' lang='lat' dir='ltr'><strong>non</strong></span> <span class='ocrx_word' id='word_1_267' title='bbox 710 3775 965 3857; x_wconf 86' lang='lat' dir='ltr'><strong>recipiebantm·,</strong></span> <span class='ocrx_word' id='word_1_268' title='bbox 988 3775 1134 3839; x_wconf 88' lang='lat' dir='ltr'><strong>traditae</strong></span> <span class='ocrx_word' id='word_1_269' title='bbox 1150 3773 1226 3854; x_wconf 88' lang='lat' dir='ltr'><strong>sint,</strong></span> <span class='ocrx_word' id='word_1_270' title='bbox 1249 3777 1361 3837; x_wconf 91' lang='lat' dir='ltr'><strong>orator</strong></span> 
     </span>
     <span class='ocr_line' id='line_1_35' title="bbox 256 3872 1362 3957; baseline -0.005 -15"><span class='ocrx_word' id='word_1_271' title='bbox 256 3895 321 3942; x_wconf 94' lang='lat' dir='ltr'><strong>non</strong></span> <span class='ocrx_word' id='word_1_272' title='bbox 351 3895 485 3957; x_wconf 90' lang='lat' dir='ltr'><strong>prorsus</strong></span> <span class='ocrx_word' id='word_1_273' title='bbox 515 3879 669 3940; x_wconf 90' lang='lat' dir='ltr'><strong>accurate</strong></span> <span class='ocrx_word' id='word_1_274' title='bbox 698 3876 911 3941; x_wconf 86' lang='lat' dir='ltr'><strong>Plataeenses</strong></span> <span class='ocrx_word' id='word_1_275' title='bbox 937 3874 1077 3940; x_wconf 92' lang='lat' dir='ltr'><strong>omnium</strong></span> <span class='ocrx_word' id='word_1_276' title='bbox 1105 3872 1362 3939; x_wconf 82' lang='lat' dir='ltr'><strong>sacerdotiorum</strong></span> 
     </span>
     <span class='ocr_line' id='line_1_36' title="bbox 258 3975 618 4058; baseline -0.008 -16"><span class='ocrx_word' id='word_1_277' title='bbox 258 3981 411 4058; x_wconf 83' lang='lat' dir='ltr'><strong>expertes</strong></span> <span class='ocrx_word' id='word_1_278' title='bbox 434 3995 507 4042; x_wconf 89' lang='lat' dir='ltr'><strong>esse</strong></span> <span class='ocrx_word' id='word_1_279' title='bbox 529 3975 618 4040; x_wconf 87' lang='lat' dir='ltr'><strong>dicit.</strong></span> 
     </span>
    </p>

    <p class='ocr_par' dir='ltr' id='par_1_5' title="bbox 258 4074 1363 4259">
     <span class='ocr_line' id='line_1_37' title="bbox 341 4074 1363 4160; baseline -0.004 -17"><span class='ocrx_word' id='word_1_280' title='bbox 341 4077 432 4159; x_wconf 83' lang='lat' dir='ltr'><strong>Quae</strong></span> <span class='ocrx_word' id='word_1_281' title='bbox 466 4095 537 4143; x_wconf 87' lang='lat' dir='ltr'><strong>cum</strong></span> <span class='ocrx_word' id='word_1_282' title='bbox 566 4076 615 4142; x_wconf 87' lang='lat' dir='ltr'><strong>ita</strong></span> <span class='ocrx_word' id='word_1_283' title='bbox 647 4076 729 4158; x_wconf 86' lang='lat' dir='ltr'><strong>sint,</strong></span> <span class='ocrx_word' id='word_1_284' title='bbox 762 4075 826 4141; x_wconf 86' lang='lat' dir='ltr'><strong>nisi</strong></span> <span class='ocrx_word' id='word_1_285' title='bbox 859 4074 1073 4160; x_wconf 84' lang='lat' dir='ltr'><strong>gravissimas</strong></span> <span class='ocrx_word' id='word_1_286' title='bbox 1102 4093 1219 4140; x_wconf 89' lang='lat' dir='ltr'><strong>causas</strong></span> <span class='ocrx_word' id='word_1_287' title='bbox 1246 4077 1363 4139; x_wconf 86' lang='lat' dir='ltr'><strong>contra</strong></span> 
     </span>
     <span class='ocr_line' id='line_1_38' title="bbox 258 4173 1363 4259; baseline -0.008 -12"><span class='ocrx_word' id='word_1_288' title='bbox 258 4177 417 4247; x_wconf 78' lang='lat' dir='ltr'><strong>formulae</strong></span> <span class='ocrx_word' id='word_1_289' title='bbox 439 4177 584 4243; x_wconf 86' lang='lat' dir='ltr'><strong>traditae</strong></span> <span class='ocrx_word' id='word_1_290' title='bbox 607 4175 840 4242; x_wconf 89' lang='lat' dir='ltr'><strong>auctoritatem</strong></span> <span class='ocrx_word' id='word_1_291' title='bbox 861 4175 1029 4259; x_wconf 73' lang='lat' dir='ltr'><strong>proterea,</strong></span> <span class='ocrx_word' id='word_1_292' title='bbox 1052 4173 1132 4240; x_wconf 91' lang='lat' dir='ltr'><strong>mihi</strong></span> <span class='ocrx_word' id='word_1_293' title='bbox 1156 4175 1239 4240; x_wconf 90' lang='lat' dir='ltr'><strong>haec</strong></span> <span class='ocrx_word' id='word_1_294' title='bbox 1259 4175 1363 4240; x_wconf 84' lang='lat' dir='ltr'><strong>verba</strong></span> 
     </span>
    </p>
   </div>
   <div class='ocr_carea' id='block_1_4' title="bbox 0 0 1626 4924">
    <p class='ocr_par' dir='ltr' id='par_1_6' title="bbox 0 0 1626 4924">
     <span class='ocr_line' id='line_1_39' title="bbox 0 0 1626 4924; baseline 0 0"><span class='ocrx_word' id='word_1_295' title='bbox 0 0 1626 4924; x_wconf 95' lang='lat' dir='ltr'><strong> </strong></span> 
     </span>
    </p>
   </div>
  </div>
 </body>
</html>
