3236 4924
807 342 847 403 34

360 540 449 623 Lege
463 545 570 606 autem
585 539 746 622 provisum
763 543 843 621 erat,
864 559 905 604 ne
926 537 1111 621 peregrinis
1135 538 1162 604 si
1183 539 1266 604 forte
1278 559 1385 605 errore

276 641 434 722 perducti,
457 661 519 706 non
536 641 606 706 dolo
620 641 704 706 malo
719 639 885 706 conubium
899 639 1047 721 inierant,
1062 638 1164 704 multa
1178 639 1383 722 irrogaretur.

277 739 366 822 Quae
386 740 466 823 legis
487 742 587 807 verba
609 741 636 806 si
658 760 728 806 oum
751 739 887 805 oratoris
909 739 1014 805 verbis
1043 738 1260 821 comparabis,
1288 761 1383 822 appa·

276 840 360 906 rebit
373 860 435 906 non
451 841 584 906 multum
597 840 760 922 interesse,
785 839 841 906 sed
855 858 957 921 pauca
973 844 1096 904 tantum
1111 839 1142 904 in
1158 840 1385 929 legeexstare,

279 959 360 1020 quae
382 945 491 1006 orator
512 940 626 1006 omisit.
669 942 765 1005 Haeo
785 945 892 1005 autem
913 940 1027 1020 verba,
1057 957 1139 1018 quae
1167 942 1384 1006 tantummodo

278 1039 311 1104 in
333 1041 406 1123 lege
428 1044 567 1121 exstant,
590 1039 652 1104 viri
674 1039 758 1104 docti
773 1044 968 1121 putaverunt
983 1059 1003 1104 a
1017 1039 1149 1104 falsario
1170 1039 1256 1120 ficta,
1278 1045 1384 1105 cetera

278 1145 385 1205 autem
409 1160 447 1206 ex
470 1141 611 1206 oratione
633 1140 703 1221 ipsa
725 1140 886 1205 translata
903 1157 980 1205 esse.
1025 1137 1116 1223 Quae
1131 1140 1290 1205 sententia
1308 1140 1384 1204 mihi

277 1239 405 1304 minime
431 1243 600 1322 probatur;
622 1260 696 1306 nam
728 1241 755 1306 si
783 1239 934 1306 falsarius
956 1241 1056 1305 rerba
1084 1239 1220 1305 oratoris
1246 1240 1279 1305 in
1302 1240 1384 1322 legis

275 1339 410 1404 formam
432 1341 624 1424 redegisset,
653 1359 757 1407 nonne
783 1341 1029 1422 exspectandum
1052 1344 1102 1404 est
1125 1359 1218 1418 quam
1247 1340 1385 1406 maxime

277 1439 365 1505 illum
384 1443 483 1506 verba
505 1441 640 1507 oratoris
662 1446 842 1506 secuturum
864 1438 1002 1506 fuisse?¹
1046 1440 1241 1521 (iurantem,
1258 1460 1383 1520 quaero,

277 1539 427 1606 falsarius
441 1542 584 1624 neglexit
594 1543 694 1608 verba
706 1541 778 1604 οὐδὲ
790 1539 1055 1604 uucdouuceiodoc?
1069 1560 1161 1622 porro
1177 1559 1231 1605 our
1246 1541 1385 1607 mutarit

278 1641 419 1706 ordinem
441 1641 705 1723 praeceptorum?
747 1643 843 1706 Haeo
869 1641 1007 1706 maxime
1036 1659 1133 1706 eausa
1160 1640 1236 1705 mibi
1258 1641 1385 1707 ridetur

278 1741 387 1823 magni
414 1741 564 1806 momenti
592 1760 678 1821 esse;
705 1760 779 1807 nam
809 1746 1054 1806 consentaneum
1083 1747 1133 1805 est
1166 1745 1322 1804 oratorem
1351 1740 1384 1804 in

278 1842 384 1908 verbis
417 1841 483 1908 suis
518 1841 568 1922 id,
595 1843 677 1922 quod
712 1841 814 1924 magis
851 1860 868 1906 e
903 1860 938 1906 re
973 1860 1031 1906 sua
1068 1844 1154 1922 erat,
1178 1839 1281 1922 priore
1315 1841 1384 1906 looo

277 1961 402 2024 ponere,
425 1947 537 2007 contra
558 1961 621 2006 non
641 1942 805 2023 probabile
828 1946 878 2006 est
898 1940 1066 2006 falsarium
1088 1940 1229 2006 ordinem
1244 1940 1382 2022 partium

277 2042 359 2125 legis
381 2047 515 2108 mutare.

361 2143 448 2208 Num
470 2147 576 2208 autem
599 2142 723 2208 omnino
744 2142 815 2224 illa,
850 2142 984 2222 quaein
1012 2141 1148 2207 formula
1177 2146 1305 2207 tantum
1332 2161 1384 2207 ex·

278 2247 382 2324 stant,
405 2247 472 2308 tam
493 2242 603 2325 inepta
625 2248 712 2324 sunt,
734 2247 771 2307 ut
792 2241 945 2324 originem
967 2242 1081 2307 ducere
1101 2261 1164 2307 non
1186 2242 1309 2324 possint
1322 2242 1384 2308 nisi

277 2345 319 2409 ab
340 2342 454 2410 inscito
485 2343 641 2409 falsario?
683 2343 858 2408 Platnerus
880 2348 913 2407 et
933 2342 1092 2408 Meierus²
1113 2344 1192 2408 haee
1213 2348 1383 2424 praecepta

277 2463 313 2508 re
333 2463 411 2511 uera
431 2442 530 2510 fuisse
551 2449 683 2525 putant;
714 2444 770 2508 sed
791 2441 971 2524 Philippius
994 2442 1097 2508 causis
1123 2463 1185 2508 non
1215 2442 1323 2508 allatis
1345 2463 1383 2508 ea

277 2544 434 2626 neglegit,
471 2543 710 2608 Thalheimius³
746 2543 785 2607 de
802 2542 1009 2626 auctoritate
1045 2542 1200 2608 formulae
1236 2543 1384 2608 dubitare

277 2644 404 2710 videtur
435 2648 531 2723 atque
562 2662 594 2707 v.
618 2643 647 2706 d.
669 2642 767 2708 Esius
800 2642 896 2708 etiam
925 2643 1143 2708 demonstrare
1169 2643 1277 2708 studet
1302 2645 1383 2708 haee

278 2743 404 2810 omnino
436 2743 483 2808 ita
514 2762 548 2808 se
575 2744 693 2807 habere
725 2762 786 2808 non
816 2742 965 2823 potuisse.
1020 2742 1162 2806 Maxime
1194 2749 1300 2808 autem
1332 2744 1382 2809 vir

279 2843 478 2908 doctissimus
494 2842 723 2926 offendebatur,
736 2842 818 2922 quod
833 2841 1027 2924 peregrinus
1040 2841 1093 2922 qui
1105 2841 1204 2908 civem
1220 2843 1380 2908 mulierem

278 2944 311 3010 in
332 2941 566 3008 matrimonium
589 2941 741 3024 duxisset,
754 2941 888 3023 veniret,
911 2946 1022 3006 eontra
1044 2941 1133 3023 civis
1155 2941 1208 3022 qui
1222 2943 1382 3007 mulierem

279 3041 478 3126 peregrinam
500 3042 571 3107 dolo
586 3042 669 3107 malo
686 3041 919 3107 oireumrentus
941 3040 1094 3123 duxisset,
1117 3041 1203 3107 mille
1224 3042 1381 3108 drachmis

277 3144 475 3209 multaretur.
520 3142 583 3208 Sed
604 3141 701 3206 miror
721 3142 825 3209 virum
847 3141 1061 3207 doctissimum
1083 3161 1145 3208 non
1167 3144 1302 3224 probare
1316 3143 1381 3225 illa,

279 3263 360 3325 qnae
381 3243 555 3308 Platnerus
577 3243 619 3306 ad
640 3242 861 3323 explicandam
882 3245 965 3307 hano
986 3261 1052 3307 rem
1075 3243 1199 3325 attulit,
1233 3263 1302 3308 oum
1331 3245 1381 3309 de

277 3349 470 3411 monstraret
491 3342 709 3425 peregrinum,
732 3342 785 3422 qui
814 3347 924 3408 contra
947 3342 1042 3424 ¹leges
1073 3361 1202 3408 uxorem
1229 3345 1380 3427 duxisset,

278 3466 316 3510 ea
344 3446 382 3509 de
412 3463 508 3509 eausa
529 3443 747 3508 vehementius
776 3443 896 3524 puniri,
929 3443 1011 3523 quod
1041 3462 1143 3524 neque
1175 3446 1259 3526 apud
1280 3446 1381 3511 Athe-

277 3546 402 3610 nienses
427 3544 460 3609 in
483 3544 569 3610 cives
591 3545 698 3609 eodem
732 3544 822 3608 modo
854 3545 1010 3626 agebatur
1043 3563 1102 3624 quo
1134 3544 1167 3609 in
1199 3546 1381 3629 peregrinos

277 3663 379 3726 neque
398 3643 432 3709 in
454 3647 586 3723 utroque
608 3662 666 3724 par
688 3644 779 3724 eulpa
801 3652 881 3726 erat,
905 3643 1051 3724 quoniam
1073 3645 1258 3727 peregrinus
1280 3646 1381 3713 civem

363 3850 371 3877 ¹
389 3842 526 3898 Falsarios
547 3857 602 3895 non
624 3841 665 3895 ita
688 3842 808 3896 eruditos
830 3841 952 3896 homines
974 3843 1058 3898 fuisse
1083 3860 1169 3911 neque
1191 3843 1219 3898 in
1244 3844 1381 3898 scribendo

277 3929 393 3982 multum
412 3942 491 3980 our-ae
509 3930 558 3978 aut
576 3925 680 3978 consilii
700 3925 861 3990 adhibuisse,
879 3932 992 3995 apparet
1004 3944 1037 3980 ex
1049 3928 1236 3983 instrumentis
1250 3926 1381 3980 orationis

278 4015 310 4066 de
329 4027 432 4078 corona,
452 4025 521 4076 quae
539 4008 679 4078 supposita
697 4025 754 4062 esse
772 4025 856 4076 paene
875 4009 948 4062 inter
967 4026 1059 4063 omnes
1077 4017 1192 4065 constat.

361 4099 371 4127 ²
389 4096 422 4149 ef.
432 4096 550 4164 Platuer,
563 4097 594 4149 de
604 4095 645 4149 lit.
656 4102 684 4149 et
693 4101 744 4148 aet.
756 4095 860 4162 uol.2p.
868 4097 912 4158 703
924 4095 1008 4148 Meier
1018 4101 1046 4148 et
1056 4096 1229 4162 Sohoemann,
1239 4095 1256 4148 l.
1264 4096 1280 4148 l.
1291 4111 1315 4162 p.
1323 4096 1380 4148 350.

361 4182 371 4212 ³
389 4180 422 4233 of.
440 4180 457 4233 l.
476 4180 493 4233 l.
511 4197 536 4250 p.
556 4182 588 4233 19
605 4180 665 4233 adn.
686 4181 707 4233 1.
