<?xml version="1.0" encoding="UTF-8"?>
<!DOCTYPE html PUBLIC "-//W3C//DTD XHTML 1.0 Transitional//EN"
    "http://www.w3.org/TR/xhtml1/DTD/xhtml1-transitional.dtd">
<html xmlns="http://www.w3.org/1999/xhtml" xml:lang="en" lang="en">
 <head>
  <title>
</title>
<meta http-equiv="Content-Type" content="text/html;charset=utf-8" />
  <meta name='ocr-system' content='tesseract 3.04.00' />
  <meta name='ocr-capabilities' content='ocr_page ocr_carea ocr_par ocr_line ocrx_word'/>
</head>
<body>
  <div class='ocr_page' id='page_1' title='image "./delitisinstrume00staegoog_0015.png"; bbox 0 0 3236 4924; ppageno 0'>
   <div class='ocr_carea' id='block_1_1' title="bbox 785 337 860 402">
    <p class='ocr_par' dir='ltr' id='par_1_1' title="bbox 785 337 860 402">
     <span class='ocr_line' id='line_1_1' title="bbox 785 337 860 402; baseline 0.053 -4"><span class='ocrx_word' id='word_1_1' title='bbox 785 337 860 402; x_wconf 84' lang='lat' dir='ltr'>lu.</span> 
     </span>
    </p>
   </div>
   <div class='ocr_carea' id='block_1_2' title="bbox 252 534 1422 1641">
    <p class='ocr_par' dir='ltr' id='par_1_2' title="bbox 252 534 1422 1641">
     <span class='ocr_line' id='line_1_2' title="bbox 253 534 1355 618; baseline 0.004 -19"><span class='ocrx_word' id='word_1_2' title='bbox 253 534 411 600; x_wconf 82' lang='lat' dir='ltr'>orationis</span> <span class='ocrx_word' id='word_1_3' title='bbox 428 541 523 616; x_wconf 89' lang='lat' dir='ltr'>parte</span> <span class='ocrx_word' id='word_1_4' title='bbox 539 539 782 617; x_wconf 86' lang='lat' dir='ltr'>testamentum,</span> <span class='ocrx_word' id='word_1_5' title='bbox 805 537 890 616; x_wconf 91' lang='lat' dir='ltr'>quod</span> <span class='ocrx_word' id='word_1_6' title='bbox 913 537 954 602; x_wconf 91' lang='lat' dir='ltr'>ab</span> <span class='ocrx_word' id='word_1_7' title='bbox 977 535 1178 603; x_wconf 89' lang='lat' dir='ltr'>adversariis</span> <span class='ocrx_word' id='word_1_8' title='bbox 1194 537 1355 618; x_wconf 91' lang='lat' dir='ltr'>prolatum</span> 
     </span>
     <span class='ocr_line' id='line_1_3' title="bbox 253 628 1422 716; baseline 0.003 -16"><span class='ocrx_word' id='word_1_9' title='bbox 253 628 336 716; x_wconf 86' lang='lat' dir='ltr'>erat,</span> <span class='ocrx_word' id='word_1_10' title='bbox 360 635 563 716; x_wconf 86' lang='lat' dir='ltr'>suppositum</span> <span class='ocrx_word' id='word_1_11' title='bbox 586 654 657 700; x_wconf 89' lang='lat' dir='ltr'>esse</span> <span class='ocrx_word' id='word_1_12' title='bbox 679 653 785 716; x_wconf 91' lang='lat' dir='ltr'>neque</span> <span class='ocrx_word' id='word_1_13' title='bbox 808 635 934 700; x_wconf 92' lang='lat' dir='ltr'>omnino</span> <span class='ocrx_word' id='word_1_14' title='bbox 950 636 1084 701; x_wconf 87' lang='lat' dir='ltr'>Pasioni</span> <span class='ocrx_word' id='word_1_15' title='bbox 1102 635 1234 703; x_wconf 77' lang='lat' dir='ltr'><strong>licuisse</strong></span> <span class='ocrx_word' id='word_1_16' title='bbox 1255 643 1357 704; x_wconf 83' lang='lat' dir='ltr'>testa·</span> <span class='ocrx_word' id='word_1_17' title='bbox 1418 695 1422 703; x_wconf 93' lang='lat'>.</span> 
     </span>
     <span class='ocr_line' id='line_1_4' title="bbox 252 735 1356 820; baseline 0.005 -20"><span class='ocrx_word' id='word_1_18' title='bbox 252 740 395 800; x_wconf 90' lang='lat' dir='ltr'>mentum</span> <span class='ocrx_word' id='word_1_19' title='bbox 407 735 528 818; x_wconf 87' lang='lat' dir='ltr'>facere,</span> <span class='ocrx_word' id='word_1_20' title='bbox 540 735 680 801; x_wconf 77' lang='lat' dir='ltr'>maxiano</span> <span class='ocrx_word' id='word_1_21' title='bbox 691 737 833 817; x_wconf 80' lang='lat' dir='ltr'>probare.</span> <span class='ocrx_word' id='word_1_22' title='bbox 845 743 983 802; x_wconf 90' lang='lat' dir='ltr'>conatur</span> <span class='ocrx_word' id='word_1_23' title='bbox 995 735 1213 819; x_wconf 87' lang='lat' dir='ltr'>compluribus</span> <span class='ocrx_word' id='word_1_24' title='bbox 1228 739 1356 820; x_wconf 85' lang='lat' dir='ltr'>legibus</span> 
     </span>
     <span class='ocr_line' id='line_1_5' title="bbox 253 833 1356 919; baseline 0.005 -21"><span class='ocrx_word' id='word_1_25' title='bbox 253 834 407 900; x_wconf 87' lang='lat' dir='ltr'>laudatis.</span> <span class='ocrx_word' id='word_1_26' title='bbox 451 833 595 919; x_wconf 79' lang='lat' dir='ltr'>Quarum</span> <span class='ocrx_word' id='word_1_27' title='bbox 617 837 726 919; x_wconf 85' lang='lat' dir='ltr'>legum</span> <span class='ocrx_word' id='word_1_28' title='bbox 748 835 853 918; x_wconf 89' lang='lat' dir='ltr'>prima</span> <span class='ocrx_word' id='word_1_29' title='bbox 875 836 1003 917; x_wconf 86' lang='lat' dir='ltr'>quidem</span> <span class='ocrx_word' id='word_1_30' title='bbox 1026 843 1078 902; x_wconf 86' lang='lat' dir='ltr'>est</span> <span class='ocrx_word' id='word_1_31' title='bbox 1099 838 1152 902; x_wconf 82' lang='lat' dir='ltr'>lex</span> <span class='ocrx_word' id='word_1_32' title='bbox 1181 841 1356 904; x_wconf 89' lang='lat' dir='ltr'>testamen-</span> 
     </span>
     <span class='ocr_line' id='line_1_6' title="bbox 253 933 847 1020; baseline 0.003 -20"><span class='ocrx_word' id='word_1_33' title='bbox 253 935 353 1018; x_wconf 85' lang='lat' dir='ltr'>taria,</span> <span class='ocrx_word' id='word_1_34' title='bbox 377 935 513 1015; x_wconf 87' lang='lat' dir='ltr'>quaein</span> <span class='ocrx_word' id='word_1_35' title='bbox 538 933 556 1020; x_wconf 67' lang='grc' dir='ltr'>ξ</span> <span class='ocrx_word' id='word_1_36' title='bbox 582 937 619 1000; x_wconf 84' lang='grc'>17</span> <span class='ocrx_word' id='word_1_37' title='bbox 642 936 689 1001; x_wconf 88' lang='lat' dir='ltr'>sic</span> <span class='ocrx_word' id='word_1_38' title='bbox 710 935 847 1019; x_wconf 82' lang='lat' dir='ltr'>legitur:</span> 
     </span>
     <span class='ocr_line' id='line_1_7' title="bbox 372 1043 1356 1140; baseline 0.004 -26"><span class='ocrx_word' id='word_1_39' title='bbox 372 1043 447 1114; x_wconf 69' lang='lat' dir='ltr'>‘iiam</span> <span class='ocrx_word' id='word_1_40' title='bbox 455 1054 499 1139; x_wconf 80' lang='grc' dir='ltr'>μὴ</span> <span class='ocrx_word' id='word_1_41' title='bbox 511 1051 697 1139; x_wconf 73' lang='grc' dir='ltr'><em>ἐπεποίηντο,</em></span> <span class='ocrx_word' id='word_1_42' title='bbox 709 1053 788 1115; x_wconf 84' lang='grc' dir='ltr'><em>ὥστε</em></span> <span class='ocrx_word' id='word_1_43' title='bbox 799 1053 878 1140; x_wconf 77' lang='grc' dir='ltr'><em>μήτε</em></span> <span class='ocrx_word' id='word_1_44' title='bbox 892 1053 1028 1115; x_wconf 78' lang='grc' dir='ltr'><em>ἀπειπεῖν</em></span> <span class='ocrx_word' id='word_1_45' title='bbox 1038 1050 1107 1139; x_wconf 74' lang='grc' dir='ltr'>μήτ’</span> <span class='ocrx_word' id='word_1_46' title='bbox 1121 1053 1356 1130; x_wconf 69' lang='grc' dir='ltr'><em>ἐπιδικάσασθαι,</em></span> 
     </span>
     <span class='ocr_line' id='line_1_8' title="bbox 378 1150 1355 1239; baseline 0.007 -28"><span class='ocrx_word' id='word_1_47' title='bbox 378 1153 429 1214; x_wconf 82' lang='grc' dir='ltr'>ἀπε</span> <span class='ocrx_word' id='word_1_48' title='bbox 450 1151 557 1215; x_wconf 77' lang='grc' dir='ltr'><em>Σόλων</em></span> <span class='ocrx_word' id='word_1_49' title='bbox 579 1150 672 1238; x_wconf 73' lang='grc' dir='ltr'><em>εἰσῄει</em></span> <span class='ocrx_word' id='word_1_50' title='bbox 695 1154 748 1239; x_wconf 77' lang='grc' dir='ltr'>τὴν</span> <span class='ocrx_word' id='word_1_51' title='bbox 770 1153 876 1239; x_wconf 71' lang='grc' dir='ltr'><em>ἀρχήν,</em></span> <span class='ocrx_word' id='word_1_52' title='bbox 901 1153 936 1214; x_wconf 77' lang='lat' dir='ltr'>cd</span> <span class='ocrx_word' id='word_1_53' title='bbox 959 1152 1069 1214; x_wconf 78' lang='grc' dir='ltr'><em>ἑαυτοῦ</em></span> <span class='ocrx_word' id='word_1_54' title='bbox 1091 1151 1250 1218; x_wconf 83' lang='grc' dir='ltr'><em>διαθέσθαι</em></span> <span class='ocrx_word' id='word_1_55' title='bbox 1272 1155 1355 1231; x_wconf 82' lang='grc' dir='ltr'><em>εἶναι,</em></span> 
     </span>
     <span class='ocr_line' id='line_1_9' title="bbox 378 1244 1356 1340; baseline 0.007 -28"><span class='ocrx_word' id='word_1_56' title='bbox 378 1252 463 1328; x_wconf 76' lang='grc' dir='ltr'><em>ὅπως</em></span> <span class='ocrx_word' id='word_1_57' title='bbox 482 1253 519 1315; x_wconf 90' lang='grc' dir='ltr'>ἀν</span> <span class='ocrx_word' id='word_1_58' title='bbox 547 1251 646 1340; x_wconf 73' lang='grc' dir='ltr'><em>ἐθέλῃ,</em></span> <span class='ocrx_word' id='word_1_59' title='bbox 674 1253 710 1315; x_wconf 91' lang='grc' dir='ltr'>ἀν</span> <span class='ocrx_word' id='word_1_60' title='bbox 735 1255 779 1340; x_wconf 74' lang='grc' dir='ltr'>μὴ</span> <span class='ocrx_word' id='word_1_61' title='bbox 810 1252 916 1328; x_wconf 78' lang='grc' dir='ltr'><em>παῖδες</em></span> <span class='ocrx_word' id='word_1_62' title='bbox 941 1244 996 1314; x_wconf 82' lang='grc' dir='ltr'>ὦσι</span> <span class='ocrx_word' id='word_1_63' title='bbox 1023 1251 1134 1339; x_wconf 64' lang='grc' dir='ltr'><em>γνήσιοι</em></span> <span class='ocrx_word' id='word_1_64' title='bbox 1161 1253 1297 1338; x_wconf 81' lang='grc' dir='ltr'><em>ἄρρενες,</em></span> <span class='ocrx_word' id='word_1_65' title='bbox 1319 1256 1356 1319; x_wconf 92' lang='grc' dir='ltr'>ἀν</span> 
     </span>
     <span class='ocr_line' id='line_1_10' title="bbox 374 1351 1355 1442; baseline 0.004 -28"><span class='ocrx_word' id='word_1_66' title='bbox 374 1354 418 1440; x_wconf 73' lang='grc' dir='ltr'>μὴ</span> <span class='ocrx_word' id='word_1_67' title='bbox 445 1359 562 1437; x_wconf 78' lang='grc' dir='ltr'><em>μανιῶν</em></span> <span class='ocrx_word' id='word_1_68' title='bbox 591 1353 609 1440; x_wconf 71' lang='grc' dir='ltr'>ἦ</span> <span class='ocrx_word' id='word_1_69' title='bbox 639 1355 741 1441; x_wconf 58' lang='grc' dir='ltr'><em>ρήριος</em></span> <span class='ocrx_word' id='word_1_70' title='bbox 771 1353 790 1440; x_wconf 73' lang='grc' dir='ltr'>ἦ</span> <span class='ocrx_word' id='word_1_71' title='bbox 822 1355 992 1440; x_wconf 76' lang='grc' dir='ltr'><em>φαρμάκιον</em></span> <span class='ocrx_word' id='word_1_72' title='bbox 1025 1351 1043 1439; x_wconf 70' lang='grc' dir='ltr'><em>θ</em></span> <span class='ocrx_word' id='word_1_73' title='bbox 1076 1354 1165 1418; x_wconf 86' lang='grc' dir='ltr'><em>νάσοο</em></span> <span class='ocrx_word' id='word_1_74' title='bbox 1199 1354 1308 1430; x_wconf 81' lang='grc' dir='ltr'><em>ἕνεκεν,</em></span> <span class='ocrx_word' id='word_1_75' title='bbox 1337 1355 1355 1442; x_wconf 72' lang='grc' dir='ltr'>ἦ</span> 
     </span>
     <span class='ocr_line' id='line_1_11' title="bbox 376 1453 1354 1542; baseline 0.002 -26"><span class='ocrx_word' id='word_1_76' title='bbox 376 1456 487 1534; x_wconf 71' lang='grc' dir='ltr'><em>γοναινά</em></span> <span class='ocrx_word' id='word_1_77' title='bbox 523 1453 708 1538; x_wconf 77' lang='grc' dir='ltr'><em>πειθόμενος,</em></span> <span class='ocrx_word' id='word_1_78' title='bbox 737 1455 795 1517; x_wconf 80' lang='grc' dir='ltr'>ὑπὸ</span> <span class='ocrx_word' id='word_1_79' title='bbox 819 1454 934 1518; x_wconf 82' lang='grc' dir='ltr'><em>τούτων</em></span> <span class='ocrx_word' id='word_1_80' title='bbox 962 1477 1014 1516; x_wconf 80' lang='grc' dir='ltr'>ιον</span> <span class='ocrx_word' id='word_1_81' title='bbox 1051 1455 1237 1537; x_wconf 84' lang='grc' dir='ltr'><em>παρανάριον</em></span> <span class='ocrx_word' id='word_1_82' title='bbox 1262 1453 1354 1542; x_wconf 60' lang='lat' dir='ltr'>lycia?</span> 
     </span>
     <span class='ocr_line' id='line_1_12' title="bbox 378 1552 1004 1641; baseline 0 -27"><span class='ocrx_word' id='word_1_83' title='bbox 378 1553 506 1640; x_wconf 70' lang='grc' dir='ltr'><em>ἀνάῃιης</em></span> <span class='ocrx_word' id='word_1_84' title='bbox 531 1552 549 1641; x_wconf 76' lang='grc' dir='ltr'><strong><em>ἢ</em></strong></span> <span class='ocrx_word' id='word_1_85' title='bbox 576 1555 634 1618; x_wconf 79' lang='grc' dir='ltr'>ἀπὸ</span> <span class='ocrx_word' id='word_1_86' title='bbox 658 1555 773 1638; x_wconf 72' lang='grc' dir='ltr'><em>δεσμοῦ</em></span> <span class='ocrx_word' id='word_1_87' title='bbox 796 1553 1004 1640; x_wconf 75' lang='grc' dir='ltr'><em>καταληφθείς.</em></span> 
     </span>
    </p>
   </div>
   <div class='ocr_carea' id='block_1_3' title="bbox 250 1703 1356 2690">
    <p class='ocr_par' dir='ltr' id='par_1_3' title="bbox 250 1703 1356 2690">
     <span class='ocr_line' id='line_1_13' title="bbox 337 1703 1354 1787; baseline 0.002 -20"><span class='ocrx_word' id='word_1_88' title='bbox 337 1703 430 1768; x_wconf 90' lang='lat' dir='ltr'>Haec</span> <span class='ocrx_word' id='word_1_89' title='bbox 452 1710 503 1769; x_wconf 90' lang='lat' dir='ltr'>est</span> <span class='ocrx_word' id='word_1_90' title='bbox 525 1704 622 1771; x_wconf 84' lang='lat' dir='ltr'>lectio</span> <span class='ocrx_word' id='word_1_91' title='bbox 645 1705 839 1786; x_wconf 88' lang='lat' dir='ltr'>optimorum</span> <span class='ocrx_word' id='word_1_92' title='bbox 862 1703 1022 1787; x_wconf 89' lang='lat' dir='ltr'>codicum,</span> <span class='ocrx_word' id='word_1_93' title='bbox 1046 1703 1162 1784; x_wconf 86' lang='lat' dir='ltr'>quibus</span> <span class='ocrx_word' id='word_1_94' title='bbox 1184 1705 1266 1769; x_wconf 86' lang='lat' dir='ltr'>haec</span> <span class='ocrx_word' id='word_1_95' title='bbox 1287 1704 1354 1770; x_wconf 88' lang='lat' dir='ltr'>litis</span> 
     </span>
     <span class='ocr_line' id='line_1_14' title="bbox 252 1803 1355 1887; baseline 0.001 -20"><span class='ocrx_word' id='word_1_96' title='bbox 252 1804 473 1868; x_wconf 88' lang='lat' dir='ltr'>instrumenta</span> <span class='ocrx_word' id='word_1_97' title='bbox 489 1804 614 1870; x_wconf 91' lang='lat' dir='ltr'>tradita</span> <span class='ocrx_word' id='word_1_98' title='bbox 630 1810 716 1871; x_wconf 84' lang='lat' dir='ltr'>suni.</span> <span class='ocrx_word' id='word_1_99' title='bbox 760 1807 806 1870; x_wconf 85' lang='lat' dir='ltr'>At</span> <span class='ocrx_word' id='word_1_100' title='bbox 820 1805 903 1870; x_wconf 85' lang='lat' dir='ltr'>haec</span> <span class='ocrx_word' id='word_1_101' title='bbox 916 1806 1021 1869; x_wconf 89' lang='lat' dir='ltr'>verba</span> <span class='ocrx_word' id='word_1_102' title='bbox 1034 1804 1118 1887; x_wconf 82' lang='lat' dir='ltr'>legis</span> <span class='ocrx_word' id='word_1_103' title='bbox 1133 1823 1198 1869; x_wconf 92' lang='lat' dir='ltr'>non</span> <span class='ocrx_word' id='word_1_104' title='bbox 1213 1803 1355 1886; x_wconf 88' lang='lat' dir='ltr'>genuina</span> 
     </span>
     <span class='ocr_line' id='line_1_15' title="bbox 252 1902 1356 1986; baseline 0.002 -18"><span class='ocrx_word' id='word_1_105' title='bbox 252 1921 324 1968; x_wconf 91' lang='lat' dir='ltr'>esse</span> <span class='ocrx_word' id='word_1_106' title='bbox 346 1902 433 1968; x_wconf 88' lang='lat' dir='ltr'>inter</span> <span class='ocrx_word' id='word_1_107' title='bbox 461 1922 571 1970; x_wconf 87' lang='lat' dir='ltr'>omncs</span> <span class='ocrx_word' id='word_1_108' title='bbox 594 1910 734 1986; x_wconf 88' lang='lat' dir='ltr'>constat,</span> <span class='ocrx_word' id='word_1_109' title='bbox 765 1912 864 1985; x_wconf 87' lang='lat' dir='ltr'>atque</span> <span class='ocrx_word' id='word_1_110' title='bbox 893 1904 993 1971; x_wconf 85' lang='lat' dir='ltr'>etiarn</span> <span class='ocrx_word' id='word_1_111' title='bbox 1015 1924 1044 1970; x_wconf 88' lang='lat' dir='ltr'>v.</span> <span class='ocrx_word' id='word_1_112' title='bbox 1068 1905 1097 1970; x_wconf 93' lang='lat' dir='ltr'>d.</span> <span class='ocrx_word' id='word_1_113' title='bbox 1125 1904 1244 1970; x_wconf 79' lang='lat' dir='ltr'>Esius‘</span> <span class='ocrx_word' id='word_1_114' title='bbox 1271 1907 1356 1970; x_wconf 89' lang='lat' dir='ltr'>hano</span> 
     </span>
     <span class='ocr_line' id='line_1_16' title="bbox 252 2001 1354 2086; baseline 0.003 -19"><span class='ocrx_word' id='word_1_115' title='bbox 252 2001 423 2068; x_wconf 89' lang='lat' dir='ltr'>formulam</span> <span class='ocrx_word' id='word_1_116' title='bbox 444 2003 662 2086; x_wconf 87' lang='lat' dir='ltr'>interpretari</span> <span class='ocrx_word' id='word_1_117' title='bbox 684 2006 768 2071; x_wconf 89' lang='lat' dir='ltr'>idem</span> <span class='ocrx_word' id='word_1_118' title='bbox 792 2005 882 2070; x_wconf 90' lang='lat' dir='ltr'>ducit</span> <span class='ocrx_word' id='word_1_119' title='bbox 899 2011 998 2084; x_wconf 90' lang='lat' dir='ltr'>atque</span> <span class='ocrx_word' id='word_1_120' title='bbox 1014 2003 1209 2086; x_wconf 76' lang='lat' dir='ltr'><strong>Aethiopem</strong></span> <span class='ocrx_word' id='word_1_121' title='bbox 1230 2005 1354 2070; x_wconf 88' lang='lat' dir='ltr'>lavare.</span> 
     </span>
     <span class='ocr_line' id='line_1_17' title="bbox 252 2102 1354 2186; baseline 0.003 -18"><span class='ocrx_word' id='word_1_122' title='bbox 252 2102 316 2168; x_wconf 85' lang='lat' dir='ltr'>Sed</span> <span class='ocrx_word' id='word_1_123' title='bbox 338 2102 527 2186; x_wconf 84' lang='lat' dir='ltr'>priusquam</span> <span class='ocrx_word' id='word_1_124' title='bbox 550 2105 622 2170; x_wconf 91' lang='lat' dir='ltr'>viro</span> <span class='ocrx_word' id='word_1_125' title='bbox 645 2105 831 2172; x_wconf 89' lang='lat' dir='ltr'>doctissimo</span> <span class='ocrx_word' id='word_1_126' title='bbox 854 2105 1067 2171; x_wconf 80' lang='lat' dir='ltr'>concedamus</span> <span class='ocrx_word' id='word_1_127' title='bbox 1082 2105 1168 2170; x_wconf 91' lang='lat' dir='ltr'>hunc</span> <span class='ocrx_word' id='word_1_128' title='bbox 1189 2105 1292 2171; x_wconf 87' lang='lat' dir='ltr'>locum</span> <span class='ocrx_word' id='word_1_129' title='bbox 1314 2105 1354 2172; x_wconf 92' lang='lat' dir='ltr'>iis</span> 
     </span>
     <span class='ocr_line' id='line_1_18' title="bbox 252 2203 1355 2288; baseline 0.004 -20"><span class='ocrx_word' id='word_1_130' title='bbox 252 2203 501 2270; x_wconf 89' lang='lat' dir='ltr'>adscribendum</span> <span class='ocrx_word' id='word_1_131' title='bbox 524 2223 605 2287; x_wconf 89' lang='lat' dir='ltr'>esse,</span> <span class='ocrx_word' id='word_1_132' title='bbox 629 2224 709 2286; x_wconf 92' lang='lat' dir='ltr'>quos</span> <span class='ocrx_word' id='word_1_133' title='bbox 731 2204 913 2271; x_wconf 80' lang='lat' dir='ltr'>insanabile</span> <span class='ocrx_word' id='word_1_134' title='bbox 936 2205 1052 2270; x_wconf 92' lang='lat' dir='ltr'>vulnus</span> <span class='ocrx_word' id='word_1_135' title='bbox 1068 2203 1236 2288; x_wconf 83' lang='lat' dir='ltr'>afflixerit,</span> <span class='ocrx_word' id='word_1_136' title='bbox 1260 2225 1355 2286; x_wconf 90' lang='lat' dir='ltr'>quae-</span> 
     </span>
     <span class='ocr_line' id='line_1_19' title="bbox 250 2304 1355 2388; baseline 0.003 -19"><span class='ocrx_word' id='word_1_137' title='bbox 250 2323 361 2370; x_wconf 84' lang='lat' dir='ltr'>ramus</span> <span class='ocrx_word' id='word_1_138' title='bbox 384 2323 427 2370; x_wconf 91' lang='lat' dir='ltr'>an</span> <span class='ocrx_word' id='word_1_139' title='bbox 448 2304 615 2371; x_wconf 88' lang='lat' dir='ltr'>sententia</span> <span class='ocrx_word' id='word_1_140' title='bbox 638 2313 718 2388; x_wconf 87' lang='lat' dir='ltr'>apta</span> <span class='ocrx_word' id='word_1_141' title='bbox 741 2325 780 2372; x_wconf 85' lang='lat' dir='ltr'>ex</span> <span class='ocrx_word' id='word_1_142' title='bbox 802 2306 912 2374; x_wconf 81' lang='lat' dir='ltr'>verbis</span> <span class='ocrx_word' id='word_1_143' title='bbox 935 2305 1083 2387; x_wconf 88' lang='lat' dir='ltr'>expediri</span> <span class='ocrx_word' id='word_1_144' title='bbox 1104 2307 1226 2388; x_wconf 82' lang='lat' dir='ltr'>possit3</span> <span class='ocrx_word' id='word_1_145' title='bbox 1256 2313 1355 2387; x_wconf 90' lang='lat' dir='ltr'>atque</span> 
     </span>
     <span class='ocr_line' id='line_1_20' title="bbox 252 2403 1355 2487; baseline 0.003 -18"><span class='ocrx_word' id='word_1_146' title='bbox 252 2403 343 2484; x_wconf 91' lang='lat' dir='ltr'>prius</span> <span class='ocrx_word' id='word_1_147' title='bbox 377 2405 505 2486; x_wconf 87' lang='lat' dir='ltr'>quidem</span> <span class='ocrx_word' id='word_1_148' title='bbox 539 2405 723 2487; x_wconf 88' lang='lat' dir='ltr'>videamus,</span> <span class='ocrx_word' id='word_1_149' title='bbox 757 2425 819 2487; x_wconf 87' lang='lat' dir='ltr'>qno</span> <span class='ocrx_word' id='word_1_150' title='bbox 852 2407 945 2471; x_wconf 91' lang='lat' dir='ltr'>modo</span> <span class='ocrx_word' id='word_1_151' title='bbox 978 2407 1081 2470; x_wconf 88' lang='lat' dir='ltr'>verba</span> <span class='ocrx_word' id='word_1_152' title='bbox 1115 2405 1289 2472; x_wconf 90' lang='lat' dir='ltr'>scribenda</span> <span class='ocrx_word' id='word_1_153' title='bbox 1322 2419 1355 2472; x_wconf 86' lang='lat' dir='ltr'>et</span> 
     </span>
     <span class='ocr_line' id='line_1_21' title="bbox 251 2503 1356 2588; baseline 0.005 -20"><span class='ocrx_word' id='word_1_154' title='bbox 251 2503 474 2588; x_wconf 84' lang='lat' dir='ltr'>intellegenda</span> <span class='ocrx_word' id='word_1_155' title='bbox 496 2505 577 2588; x_wconf 91' lang='lat' dir='ltr'>sint,</span> <span class='ocrx_word' id='word_1_156' title='bbox 609 2505 726 2572; x_wconf 90' lang='lat' dir='ltr'>deinde</span> <span class='ocrx_word' id='word_1_157' title='bbox 752 2526 828 2572; x_wconf 91' lang='lat' dir='ltr'>num</span> <span class='ocrx_word' id='word_1_158' title='bbox 856 2508 939 2571; x_wconf 88' lang='lat' dir='ltr'>haec</span> <span class='ocrx_word' id='word_1_159' title='bbox 964 2508 1017 2571; x_wconf 86' lang='lat' dir='ltr'>lex</span> <span class='ocrx_word' id='word_1_160' title='bbox 1044 2525 1103 2588; x_wconf 91' lang='lat' dir='ltr'>pro</span> <span class='ocrx_word' id='word_1_161' title='bbox 1131 2525 1171 2572; x_wconf 89' lang='lat' dir='ltr'>ea</span> <span class='ocrx_word' id='word_1_162' title='bbox 1204 2509 1356 2573; x_wconf 87' lang='lat' dir='ltr'>habenda</span> 
     </span>
     <span class='ocr_line' id='line_1_22' title="bbox 252 2605 1092 2690; baseline 0.004 -20"><span class='ocrx_word' id='word_1_163' title='bbox 252 2605 306 2678; x_wconf 79' lang='lat' dir='ltr'>sit,</span> <span class='ocrx_word' id='word_1_164' title='bbox 330 2625 427 2686; x_wconf 92' lang='lat' dir='ltr'>quam</span> <span class='ocrx_word' id='word_1_165' title='bbox 449 2607 667 2688; x_wconf 84' lang='lat' dir='ltr'>Apollodorus</span> <span class='ocrx_word' id='word_1_166' title='bbox 690 2606 830 2672; x_wconf 90' lang='lat' dir='ltr'>scribam</span> <span class='ocrx_word' id='word_1_167' title='bbox 852 2608 964 2689; x_wconf 83' lang='lat' dir='ltr'>legere</span> <span class='ocrx_word' id='word_1_168' title='bbox 982 2607 1092 2690; x_wconf 88' lang='lat' dir='ltr'>jussit.</span> 
     </span>
    </p>
   </div>
   <div class='ocr_carea' id='block_1_4' title="bbox 251 2723 1356 4015">
    <p class='ocr_par' dir='ltr' id='par_1_4' title="bbox 251 2723 1356 4015">
     <span class='ocr_line' id='line_1_23' title="bbox 336 2723 1354 2806; baseline 0.001 -17"><span class='ocrx_word' id='word_1_169' title='bbox 336 2724 465 2789; x_wconf 85' lang='lat' dir='ltr'>Summa</span> <span class='ocrx_word' id='word_1_170' title='bbox 486 2724 574 2790; x_wconf 90' lang='lat' dir='ltr'>inter</span> <span class='ocrx_word' id='word_1_171' title='bbox 589 2725 678 2793; x_wconf 89' lang='lat' dir='ltr'>viros</span> <span class='ocrx_word' id='word_1_172' title='bbox 694 2725 807 2790; x_wconf 83' lang='lat' dir='ltr'>doctos</span> <span class='ocrx_word' id='word_1_173' title='bbox 829 2723 989 2790; x_wconf 85' lang='lat' dir='ltr'>dissensio</span> <span class='ocrx_word' id='word_1_174' title='bbox 1007 2731 1067 2806; x_wconf 90' lang='lat' dir='ltr'>est,</span> <span class='ocrx_word' id='word_1_175' title='bbox 1091 2735 1124 2790; x_wconf 91' lang='lat' dir='ltr'>et</span> <span class='ocrx_word' id='word_1_176' title='bbox 1140 2726 1195 2806; x_wconf 91' lang='lat' dir='ltr'>qui</span> <span class='ocrx_word' id='word_1_177' title='bbox 1209 2725 1354 2791; x_wconf 85' lang='lat' dir='ltr'>homines</span> 
     </span>
     <span class='ocr_line' id='line_1_24' title="bbox 252 2823 1355 2912; baseline 0 -23"><span class='ocrx_word' id='word_1_178' title='bbox 252 2823 364 2889; x_wconf 81' lang='lat' dir='ltr'>verbis</span> <span class='ocrx_word' id='word_1_179' title='bbox 387 2825 452 2886; x_wconf 79' lang='grc' dir='ltr'><em>ὅσοι</em></span> <span class='ocrx_word' id='word_1_180' title='bbox 471 2826 514 2911; x_wconf 77' lang='grc' dir='ltr'>μὴ</span> <span class='ocrx_word' id='word_1_181' title='bbox 537 2823 715 2912; x_wconf 69' lang='grc' dir='ltr'><em>ἐπεποίηντο</em></span> <span class='ocrx_word' id='word_1_182' title='bbox 737 2823 981 2906; x_wconf 80' lang='lat' dir='ltr'>significentur,</span> <span class='ocrx_word' id='word_1_183' title='bbox 1012 2825 1100 2890; x_wconf 80' lang='lat' dir='ltr'>cives</span> <span class='ocrx_word' id='word_1_184' title='bbox 1129 2825 1211 2892; x_wconf 83' lang='lat' dir='ltr'>faeti</span> <span class='ocrx_word' id='word_1_185' title='bbox 1233 2843 1275 2890; x_wconf 92' lang='lat' dir='ltr'>an</span> <span class='ocrx_word' id='word_1_186' title='bbox 1297 2823 1355 2890; x_wconf 88' lang='lat' dir='ltr'>filii</span> 
     </span>
     <span class='ocr_line' id='line_1_25' title="bbox 252 2923 1355 3012; baseline -0.001 -24"><span class='ocrx_word' id='word_1_187' title='bbox 252 2923 416 3007; x_wconf 89' lang='lat' dir='ltr'>adoptati,</span> <span class='ocrx_word' id='word_1_188' title='bbox 439 2930 473 2989; x_wconf 83' lang='lat' dir='ltr'>et</span> <span class='ocrx_word' id='word_1_189' title='bbox 503 2924 545 2989; x_wconf 92' lang='lat' dir='ltr'>ad</span> <span class='ocrx_word' id='word_1_190' title='bbox 574 2929 684 2989; x_wconf 92' lang='lat' dir='ltr'>utrum</span> <span class='ocrx_word' id='word_1_191' title='bbox 705 2925 854 3004; x_wconf 87' lang='lat' dir='ltr'>verbum,</span> <span class='ocrx_word' id='word_1_192' title='bbox 885 2925 927 2990; x_wconf 93' lang='lat' dir='ltr'>ad</span> <span class='ocrx_word' id='word_1_193' title='bbox 949 2923 1127 3012; x_wconf 68' lang='grc' dir='ltr'><em>ἐπεποίηντο</em></span> <span class='ocrx_word' id='word_1_194' title='bbox 1150 2944 1192 2991; x_wconf 89' lang='lat' dir='ltr'>an</span> <span class='ocrx_word' id='word_1_195' title='bbox 1215 2926 1258 2991; x_wconf 88' lang='lat' dir='ltr'>ad</span> <span class='ocrx_word' id='word_1_196' title='bbox 1288 2925 1355 2988; x_wconf 85' lang='grc' dir='ltr'><em>δια-</em></span> 
     </span>
     <span class='ocr_line' id='line_1_26' title="bbox 253 3022 1353 3112; baseline -0.001 -25"><span class='ocrx_word' id='word_1_197' title='bbox 253 3023 368 3099; x_wconf 81' lang='grc' dir='ltr'><em>θέσθαι,</em></span> <span class='ocrx_word' id='word_1_198' title='bbox 380 3023 569 3106; x_wconf 79' lang='lat' dir='ltr'>pertineant</span> <span class='ocrx_word' id='word_1_199' title='bbox 580 3027 683 3090; x_wconf 79' lang='lat' dir='ltr'>Verba</span> <span class='ocrx_word' id='word_1_200' title='bbox 699 3025 778 3088; x_wconf 81' lang='grc' dir='ltr'><em>ὥστε</em></span> <span class='ocrx_word' id='word_1_201' title='bbox 794 3022 863 3111; x_wconf 72' lang='grc' dir='ltr'>μήτ’</span> <span class='ocrx_word' id='word_1_202' title='bbox 878 3027 1015 3088; x_wconf 78' lang='grc' dir='ltr'><em>ἀπειπεῖν</em></span> <span class='ocrx_word' id='word_1_203' title='bbox 1031 3023 1100 3112; x_wconf 69' lang='grc' dir='ltr'>μήτ’</span> <span class='ocrx_word' id='word_1_204' title='bbox 1119 3024 1353 3089; x_wconf 77' lang='grc' dir='ltr'><em>ἐπιδικάσασθαι.</em></span> 
     </span>
     <span class='ocr_line' id='line_1_27' title="bbox 254 3124 1356 3208; baseline 0 -18"><span class='ocrx_word' id='word_1_205' title='bbox 254 3125 347 3208; x_wconf 79' lang='lat' dir='ltr'>Quod</span> <span class='ocrx_word' id='word_1_206' title='bbox 370 3131 479 3191; x_wconf 87' lang='lat' dir='ltr'>autem</span> <span class='ocrx_word' id='word_1_207' title='bbox 502 3125 544 3190; x_wconf 88' lang='lat' dir='ltr'>ad</span> <span class='ocrx_word' id='word_1_208' title='bbox 559 3124 702 3206; x_wconf 86' lang='lat' dir='ltr'>priorem</span> <span class='ocrx_word' id='word_1_209' title='bbox 717 3124 940 3207; x_wconf 89' lang='lat' dir='ltr'>quaestionem</span> <span class='ocrx_word' id='word_1_210' title='bbox 956 3125 1087 3208; x_wconf 77' lang='lat' dir='ltr'>attinet,</span> <span class='ocrx_word' id='word_1_211' title='bbox 1104 3126 1356 3191; x_wconf 85' lang='lat' dir='ltr'>Demosthenem</span> 
     </span>
     <span class='ocr_line' id='line_1_28' title="bbox 252 3224 1356 3306; baseline 0 -16"><span class='ocrx_word' id='word_1_212' title='bbox 252 3230 442 3306; x_wconf 87' lang='lat' dir='ltr'>ceterosque</span> <span class='ocrx_word' id='word_1_213' title='bbox 464 3231 613 3291; x_wconf 89' lang='lat' dir='ltr'>oratores</span> <span class='ocrx_word' id='word_1_214' title='bbox 635 3244 746 3291; x_wconf 85' lang='lat' dir='ltr'>vocem</span> <span class='ocrx_word' id='word_1_215' title='bbox 771 3231 864 3289; x_wconf 79' lang='grc' dir='ltr'><em>ποιεῖν</em></span> <span class='ocrx_word' id='word_1_216' title='bbox 893 3226 932 3292; x_wconf 87' lang='lat' dir='ltr'>de</span> <span class='ocrx_word' id='word_1_217' title='bbox 959 3224 1018 3290; x_wconf 91' lang='lat' dir='ltr'>filii</span> <span class='ocrx_word' id='word_1_218' title='bbox 1045 3224 1260 3306; x_wconf 88' lang='lat' dir='ltr'>adoptatione</span> <span class='ocrx_word' id='word_1_219' title='bbox 1288 3224 1356 3305; x_wconf 90' lang='lat' dir='ltr'>qui-</span> 
     </span>
     <span class='ocr_line' id='line_1_29' title="bbox 252 3325 1355 3409; baseline -0.002 -18"><span class='ocrx_word' id='word_1_220' title='bbox 252 3327 338 3409; x_wconf 93' lang='lat' dir='ltr'>dem,</span> <span class='ocrx_word' id='word_1_221' title='bbox 361 3325 471 3392; x_wconf 81' lang='lat' dir='ltr'>verbis</span> <span class='ocrx_word' id='word_1_222' title='bbox 504 3326 566 3388; x_wconf 78' lang='grc' dir='ltr'><em>οἱον</em></span> <span class='ocrx_word' id='word_1_223' title='bbox 588 3327 640 3392; x_wconf 89' lang='lat' dir='ltr'>vel</span> <span class='ocrx_word' id='word_1_224' title='bbox 669 3327 761 3389; x_wconf 76' lang='grc' dir='ltr'><em>παῖδα</em></span> <span class='ocrx_word' id='word_1_225' title='bbox 790 3325 951 3408; x_wconf 67' lang='grc' dir='ltr'>προσεῖδε</span> <span class='ocrx_word' id='word_1_226' title='bbox 979 3327 1033 3390; x_wconf 90' lang='lat' dir='ltr'>vel</span> <span class='ocrx_word' id='word_1_227' title='bbox 1060 3325 1233 3408; x_wconf 83' lang='lat' dir='ltr'>neglectis,</span> <span class='ocrx_word' id='word_1_228' title='bbox 1264 3345 1355 3391; x_wconf 90' lang='lat' dir='ltr'>usur-</span> 
     </span>
     <span class='ocr_line' id='line_1_30' title="bbox 251 3425 1355 3508; baseline 0.002 -18"><span class='ocrx_word' id='word_1_229' title='bbox 251 3443 349 3508; x_wconf 87' lang='lat' dir='ltr'>passe</span> <span class='ocrx_word' id='word_1_230' title='bbox 378 3425 639 3492; x_wconf 83' lang='lat' dir='ltr'>Schoemannus²</span> <span class='ocrx_word' id='word_1_231' title='bbox 671 3427 919 3508; x_wconf 86' lang='lat' dir='ltr'>demonstravit,</span> <span class='ocrx_word' id='word_1_232' title='bbox 953 3427 1010 3492; x_wconf 92' lang='lat' dir='ltr'>sed</span> <span class='ocrx_word' id='word_1_233' title='bbox 1040 3427 1162 3507; x_wconf 86' lang='lat' dir='ltr'>locum,</span> <span class='ocrx_word' id='word_1_234' title='bbox 1192 3444 1254 3505; x_wconf 90' lang='lat' dir='ltr'>quo</span> <span class='ocrx_word' id='word_1_235' title='bbox 1276 3445 1355 3492; x_wconf 90' lang='lat' dir='ltr'>voce</span> 
     </span>
     <span class='ocr_line' id='line_1_31' title="bbox 252 3525 1355 3615; baseline 0.003 -27"><span class='ocrx_word' id='word_1_236' title='bbox 252 3530 355 3601; x_wconf 80' lang='grc' dir='ltr'><em>ποιεῖν,</em></span> <span class='ocrx_word' id='word_1_237' title='bbox 378 3525 488 3592; x_wconf 90' lang='lat' dir='ltr'>verbis</span> <span class='ocrx_word' id='word_1_238' title='bbox 512 3526 632 3614; x_wconf 72' lang='grc' dir='ltr'><em>πολίτην</em></span> <span class='ocrx_word' id='word_1_239' title='bbox 654 3535 713 3592; x_wconf 84' lang='lat' dir='ltr'>aut</span> <span class='ocrx_word' id='word_1_240' title='bbox 734 3525 885 3615; x_wconf 77' lang='grc' dir='ltr'><em>’Λθραῖον</em></span> <span class='ocrx_word' id='word_1_241' title='bbox 918 3545 982 3592; x_wconf 93' lang='lat' dir='ltr'>non</span> <span class='ocrx_word' id='word_1_242' title='bbox 1010 3525 1188 3610; x_wconf 90' lang='lat' dir='ltr'>appositis,</span> <span class='ocrx_word' id='word_1_243' title='bbox 1222 3526 1355 3591; x_wconf 85' lang='lat' dir='ltr'>donatio</span> 
     </span>
     <span class='ocr_line' id='line_1_32' title="bbox 252 3625 1356 3711; baseline -0.001 -20"><span class='ocrx_word' id='word_1_244' title='bbox 252 3626 400 3692; x_wconf 88' lang='lat' dir='ltr'>civitatis</span> <span class='ocrx_word' id='word_1_245' title='bbox 436 3627 699 3711; x_wconf 80' lang='lat' dir='ltr'>significaretur,</span> <span class='ocrx_word' id='word_1_246' title='bbox 736 3627 883 3709; x_wconf 89' lang='lat' dir='ltr'>reperire</span> <span class='ocrx_word' id='word_1_247' title='bbox 925 3645 989 3692; x_wconf 93' lang='lat' dir='ltr'>non</span> <span class='ocrx_word' id='word_1_248' title='bbox 1024 3625 1127 3708; x_wconf 88' lang='lat' dir='ltr'>potui.</span> <span class='ocrx_word' id='word_1_249' title='bbox 1183 3628 1296 3706; x_wconf 89' lang='lat' dir='ltr'>Neque</span> <span class='ocrx_word' id='word_1_250' title='bbox 1328 3625 1356 3692; x_wconf 93' lang='lat' dir='ltr'>si</span> 
     </span>
     <span class='ocr_line' id='line_1_33' title="bbox 251 3726 1355 3814; baseline -0.003 -20"><span class='ocrx_word' id='word_1_251' title='bbox 251 3727 466 3814; x_wconf 88' lang='lat' dir='ltr'>posteriorem</span> <span class='ocrx_word' id='word_1_252' title='bbox 487 3747 556 3792; x_wconf 91' lang='lat' dir='ltr'>rem</span> <span class='ocrx_word' id='word_1_253' title='bbox 578 3733 823 3793; x_wconf 87' lang='lat' dir='ltr'>controversam</span> <span class='ocrx_word' id='word_1_254' title='bbox 850 3727 1038 3792; x_wconf 88' lang='lat' dir='ltr'>accuratius</span> <span class='ocrx_word' id='word_1_255' title='bbox 1072 3726 1248 3808; x_wconf 88' lang='lat' dir='ltr'>perpendo,</span> <span class='ocrx_word' id='word_1_256' title='bbox 1278 3726 1355 3791; x_wconf 83' lang='lat' dir='ltr'>milri</span> 
     </span>
     <span class='ocr_line' id='line_1_34' title="bbox 251 3826 1355 3912; baseline -0.002 -18"><span class='ocrx_word' id='word_1_257' title='bbox 251 3833 388 3912; x_wconf 88' lang='lat' dir='ltr'>propter</span> <span class='ocrx_word' id='word_1_258' title='bbox 409 3831 584 3896; x_wconf 86' lang='lat' dir='ltr'>verborum</span> <span class='ocrx_word' id='word_1_259' title='bbox 607 3828 873 3911; x_wconf 88' lang='lat' dir='ltr'>compositionem</span> <span class='ocrx_word' id='word_1_260' title='bbox 895 3845 955 3910; x_wconf 89' lang='lat' dir='ltr'>per</span> <span class='ocrx_word' id='word_1_261' title='bbox 977 3847 1013 3893; x_wconf 89' lang='lat' dir='ltr'>se</span> <span class='ocrx_word' id='word_1_262' title='bbox 1034 3827 1084 3894; x_wconf 88' lang='lat' dir='ltr'>ita</span> <span class='ocrx_word' id='word_1_263' title='bbox 1104 3826 1281 3894; x_wconf 88' lang='lat' dir='ltr'>verisimile</span> <span class='ocrx_word' id='word_1_264' title='bbox 1304 3831 1355 3892; x_wconf 87' lang='lat' dir='ltr'>est</span> 
     </span>
     <span class='ocr_line' id='line_1_35' title="bbox 251 3925 1356 4015; baseline -0.005 -19"><span class='ocrx_word' id='word_1_265' title='bbox 251 3931 355 3996; x_wconf 81' lang='lat' dir='ltr'>verba</span> <span class='ocrx_word' id='word_1_266' title='bbox 388 3931 424 3994; x_wconf 86' lang='grc' dir='ltr'><em>τά</em></span> <span class='ocrx_word' id='word_1_267' title='bbox 446 3931 558 3994; x_wconf 76' lang='grc' dir='ltr'><em>ἑαυτοῦ</em></span> <span class='ocrx_word' id='word_1_268' title='bbox 588 3928 747 3993; x_wconf 88' lang='grc' dir='ltr'><em>διαθέσθαι</em></span> <span class='ocrx_word' id='word_1_269' title='bbox 770 3933 803 3994; x_wconf 82' lang='lat' dir='ltr'>ei</span> <span class='ocrx_word' id='word_1_270' title='bbox 825 3929 904 3991; x_wconf 82' lang='grc' dir='ltr'><em>ὥστε</em></span> <span class='ocrx_word' id='word_1_271' title='bbox 929 3925 999 4015; x_wconf 76' lang='grc' dir='ltr'>μήτ’</span> <span class='ocrx_word' id='word_1_272' title='bbox 1032 3929 1169 3992; x_wconf 76' lang='grc' dir='ltr'><em>ἀπειπεῖν</em></span> <span class='ocrx_word' id='word_1_273' title='bbox 1192 3925 1261 4014; x_wconf 81' lang='grc' dir='ltr'><em>μήτ’</em></span> <span class='ocrx_word' id='word_1_274' title='bbox 1290 3927 1356 3990; x_wconf 84' lang='grc' dir='ltr'><em>ἐπι-</em></span> 
     </span>
    </p>
   </div>
   <div class='ocr_carea' id='block_1_5' title="bbox 335 4093 1296 4246">
    <p class='ocr_par' dir='ltr' id='par_1_5' title="bbox 335 4093 1296 4246">
     <span class='ocr_line' id='line_1_36' title="bbox 338 4093 1296 4165; baseline -0.006 -15"><span class='ocrx_word' id='word_1_275' title='bbox 338 4099 344 4126; x_wconf 84' lang='grc'><strong>“</strong></span> <span class='ocrx_word' id='word_1_276' title='bbox 364 4096 397 4150; x_wconf 85' lang='lat' dir='ltr'>of.</span> <span class='ocrx_word' id='word_1_277' title='bbox 415 4112 469 4151; x_wconf 84' lang='lat' dir='ltr'>vau</span> <span class='ocrx_word' id='word_1_278' title='bbox 486 4097 538 4150; x_wconf 85' lang='lat' dir='ltr'>den</span> <span class='ocrx_word' id='word_1_279' title='bbox 554 4097 600 4165; x_wconf 85' lang='lat' dir='ltr'>Es,</span> <span class='ocrx_word' id='word_1_280' title='bbox 619 4097 727 4164; x_wconf 86' lang='lat' dir='ltr'>dejure</span> <span class='ocrx_word' id='word_1_281' title='bbox 744 4094 909 4149; x_wconf 82' lang='lat' dir='ltr'>sandliarum</span> <span class='ocrx_word' id='word_1_282' title='bbox 926 4096 997 4164; x_wconf 85' lang='lat' dir='ltr'>apud</span> <span class='ocrx_word' id='word_1_283' title='bbox 1014 4093 1194 4149; x_wconf 86' lang='lat' dir='ltr'>Athenienses</span> <span class='ocrx_word' id='word_1_284' title='bbox 1212 4109 1236 4160; x_wconf 89' lang='lat' dir='ltr'>p.</span> <span class='ocrx_word' id='word_1_285' title='bbox 1255 4094 1296 4146; x_wconf 79' lang='lat'>83.</span> 
     </span>
     <span class='ocr_line' id='line_1_37' title="bbox 335 4179 1043 4246; baseline -0.004 -12"><span class='ocrx_word' id='word_1_286' title='bbox 335 4179 395 4234; x_wconf 77' lang='lat' dir='ltr'>&#39;ci</span> <span class='ocrx_word' id='word_1_287' title='bbox 417 4180 591 4234; x_wconf 86' lang='lat' dir='ltr'>Schoemanni</span> <span class='ocrx_word' id='word_1_288' title='bbox 608 4180 637 4234; x_wconf 91' lang='lat' dir='ltr'>in</span> <span class='ocrx_word' id='word_1_289' title='bbox 655 4181 763 4234; x_wconf 86' lang='lat' dir='ltr'>Isaeum</span> <span class='ocrx_word' id='word_1_290' title='bbox 781 4184 922 4233; x_wconf 86' lang='lat' dir='ltr'>comment.</span> <span class='ocrx_word' id='word_1_291' title='bbox 940 4195 966 4246; x_wconf 93' lang='lat' dir='ltr'>p.</span> <span class='ocrx_word' id='word_1_292' title='bbox 983 4179 1043 4234; x_wconf 87' lang='lat'>200.</span> 
     </span>
    </p>
   </div>
   <div class='ocr_carea' id='block_1_6' title="bbox 0 0 1622 4924">
    <p class='ocr_par' dir='ltr' id='par_1_6' title="bbox 0 0 1622 4924">
     <span class='ocr_line' id='line_1_38' title="bbox 0 0 1622 4924; baseline 0 0"><span class='ocrx_word' id='word_1_293' title='bbox 0 0 1622 4924; x_wconf 95' lang='lat' dir='ltr'> </span> 
     </span>
    </p>
   </div>
  </div>
 </body>
</html>
