3236 4924
555 1121 761 1220 PARS
809 1119 1074 1220 PRIOR.

267 1357 320 1415 De
335 1355 406 1415 litis
422 1355 663 1415 instrumentis
679 1355 929 1415 Demosthenis
950 1371 1038 1428 quae
1057 1354 1165 1413 fertur
1184 1355 1367 1429 posteriori

444 1490 611 1549 adversus
633 1489 847 1564 Stephanum
870 1488 1018 1548 orationi
1041 1487 1191 1548 insertis.

348 1755 572 1842 Quaecumque
592 1757 746 1823 formulae
765 1756 837 1823 huic
852 1757 988 1822 crationi
1002 1757 1142 1824 insertae
1157 1763 1240 1841 sunt,
1263 1759 1369 1825 codice

265 1857 413 1924 Parisino
436 1857 473 1941 Σ,
495 1859 771 1941 praestantissimo
790 1858 845 1923 illc
861 1858 1036 1924 orationum
1051 1859 1368 1926 Demosthenicamm

264 1957 355 2040 libre,
377 1978 440 2024 non
455 1959 671 2041 exhibentur,¹
691 1960 749 2025 sed
769 1958 802 2025 in
824 1958 938 2024 ceteris
959 1960 1051 2025 modo
1067 1959 1234 2040 codicibus
1257 1960 1368 2040 quibus

264 2060 360 2142 vulgo
383 2078 403 2124 a
424 2059 504 2125 viris
534 2059 636 2125 doctis
664 2059 766 2125 minor
794 2059 969 2125 auctoritas
995 2058 1161 2142 tribuitur,
1186 2060 1276 2126 nobis
1304 2066 1368 2126 tra·

265 2159 351 2224 ditae
373 2164 455 2224 sunt.
500 2159 564 2226 Sed
584 2159 617 2225 in
638 2161 699 2225 hac
721 2159 846 2241 quidem
868 2159 908 2224 de
928 2158 989 2224 fide
1007 2158 1074 2225 litis
1089 2159 1369 2227 instrumentorum

265 2259 451 2340 quaestione
481 2259 705 2326 auctoritatem
739 2259 880 2326 codicum
911 2278 974 2324 non
1007 2259 1054 2324 ita
1086 2261 1220 2325 multum
1248 2262 1368 2342 valere,

264 2359 440 2426 rectissime
457 2360 526 2443 J'am
547 2359 781 2426 demonstravit
801 2359 1025 2441 Kirchnerus,²
1059 2379 1129 2424 cum
1151 2364 1183 2425 et
1203 2359 1368 2441 formulae,

266 2478 345 2540 quas
367 2459 459 2526 fictas
481 2478 550 2526 esse
564 2460 630 2544 jam
644 2461 813 2541 probatum
828 2464 887 2540 est,
909 2459 943 2524 in
958 2458 1084 2541 optimis
1099 2459 1189 2525 libris
1205 2465 1370 2526 exstarent

266 2567 299 2626 et
320 2579 400 2641 quas
421 2559 575 2642 genuinas
597 2578 667 2625 esse
684 2559 753 2642 J'am
775 2558 981 2624 ostenderunt
1001 2558 1064 2624 viri
1085 2559 1185 2641 docti,
1212 2560 1368 2626 deessent.

266 2657 430 2744 Quomodo
451 2664 557 2724 autem
579 2659 612 2724 id
637 2659 705 2724 fieri
732 2663 855 2742 posset,
878 2658 1039 2724 Christius
1067 2659 1185 2741 optime
1213 2661 1366 2741 exposuit.

252 2749 348 2827 'Cum
381 2760 464 2826 enim
495 2759 628 2826 Atticus
660 2760 815 2825 formulas
854 2778 948 2840 quam
991 2759 1128 2826 maxime
1160 2762 1201 2826 ab
1233 2760 1368 2827 editione

265 2881 323 2927 sua
354 2879 503 2928 amovere
534 2862 685 2946 studeret,
720 2861 753 2927 in
774 2861 1065 2927 Alexandrinorum
1097 2861 1188 2927 libris
1220 2867 1369 2928 servatae

266 2966 356 3045 sunt,
378 2961 441 3027 nisi
473 2981 549 3028 casu
580 2963 751 3028 nonnullae
782 2961 953 3043 perierunt.
1007 2962 1128 3028 Postea
1149 2966 1266 3044 autem,
1298 2982 1368 3028 cum

266 3066 376 3144 aptum
397 3061 561 3128 videretur
582 3062 736 3128 formulas
758 3061 864 3129 verbis
897 3061 1032 3127 oratoris
1064 3062 1191 3127 additas
1224 3081 1302 3143 esse,
1335 3063 1368 3128 in

265 3162 382 3228 multos
404 3161 484 3228 alios
513 3161 636 3228 codices
668 3162 735 3228 litis
766 3162 978 3227 instrumenta
1010 3181 1050 3227 ex
1078 3160 1368 3230 Alexandrinorum

264 3262 356 3328 libris
383 3263 543 3329 translata
573 3267 661 3343 sunt;
694 3268 805 3328 contra
829 3262 864 3327 in
888 3263 1096 3344 archetypum
1123 3263 1265 3329 Parisini
1291 3265 1370 3330 haec

266 3362 479 3428 instrumenta
499 3383 563 3428 ncn
583 3368 713 3445 recepta
734 3367 817 3443 suut,
840 3363 896 3428 sed
917 3363 1043 3445 saepius
1071 3368 1248 3430 commenta
1272 3364 1369 3430 falsa-

265 3465 384 3530 riorum
396 3465 592 3532 invaserunt.
625 3464 733 3549 Quare
744 3463 884 3530 codicum
899 3465 1091 3531 auctoritate
1104 3466 1199 3547 plane
1212 3466 1369 3548 neglecta,

265 3564 370 3647 potius
386 3564 539 3630 formulas
553 3563 641 3646 ipsas
657 3563 880 3646 examinemus,
893 3568 998 3629 utrum
1013 3564 1167 3647 genuinae
1181 3564 1246 3629 sint
1260 3584 1368 3631 necne.

349 3817 431 3882 Tres
452 3816 574 3899 primae
594 3817 699 3896 legum
721 3815 884 3898 formulae,
907 3835 989 3896 quae
1010 3822 1085 3882 sunt
1105 3817 1145 3882 de
1159 3815 1368 3897 testificando,

266 3937 286 3982 a
307 3915 473 3983 Dindorfio
494 3915 583 3982 uncis
603 3915 745 3981 inclusae
766 3920 855 3996 sunt;
888 3916 944 3981 sed
964 3934 1066 3996 neque
1086 3915 1248 3999 intellego,
1275 3934 1369 3996 quam

351 4087 359 4114 ¹
378 4084 411 4137 cf.
428 4082 562 4138 Dindcrfii
580 4084 620 4138 ed.
638 4083 722 4137 Oxou.
741 4088 805 4137 tom.
823 4083 876 4136 ΙΙΙ.

350 4166 568 4234 ’11111
