3236 4924
811 390 852 450 42

283 606 346 670 non
375 586 483 652 infimo
515 585 582 651 loco
605 591 701 652 natos
732 605 812 652 esse.
866 588 950 651 Puto
985 590 1092 650 autem
1128 585 1299 652 falsarium
1331 587 1388 652 ali-

284 705 378 768 quem
409 686 580 768 inscitum,
603 685 713 752 verbis
742 685 883 752 oratoris
915 684 1048 768 inepte¹
1077 704 1184 767 usum,
1214 685 1298 751 hanc
1324 687 1387 752 for·

283 787 400 852 mulam
423 787 611 852 confecisse.

367 1071 522 1153 Sequitur
544 1071 578 1136 in
599 1070 618 1156 §
640 1073 680 1138 53
703 1072 764 1136 hoc
786 1070 1022 1136 testimonium:

409 1189 519 1276 Αὶητης
560 1189 742 1276 Κειριάδης2
781 1191 936 1272 μαρτυρεῖ
981 1188 1246 1271 πολεμαρχοῦντος
1293 1189 1387 1251 αὑτοῦ

407 1288 640 1376 κατεγγυηθῆναι
689 1287 822 1372 Νέαιραν
873 1289 925 1374 τὴν
961 1289 1022 1350 νυνὶ
1064 1287 1283 1374 ἀγωνιζομένην
1327 1289 1385 1351 ὑπὸ

410 1387 581 1471 Φρυνίωνος
610 1391 662 1451 τοῦ
684 1388 885 1474 Δημοχάρους
905 1387 1048 1472 ἀδελφοῦ,
1070 1388 1118 1449 καὶ
1140 1386 1282 1475 ἐγγυητὰς
1303 1389 1387 1469 γενέ-

410 1487 480 1550 σθαι
504 1488 639 1572 Νεαίρας
661 1487 821 1573 Στέφανον
842 1485 1008 1572 Ἐροιάδην,
1035 1486 1206 1575 Γλαυκέτην
1232 1488 1387 1576 Κηφισιέα,

409 1585 635 1674 Ἀριστοκράτην
659 1585 809 1674 Φαληρέα.

370 1737 410 1802 In
445 1737 507 1802 hoc
542 1735 729 1802 testimonio
763 1737 1049 1802 Westermannum
1084 1736 1221 1818 primum
1259 1739 1388 1820 quidem

284 1835 489 1902 offenderunt
511 1856 703 1920 sponsorum
718 1837 848 1902 nomina
864 1836 897 1904 in
911 1836 975 1902 fine
990 1837 1167 1920 exstantia,
1191 1857 1274 1919 quae
1288 1840 1386 1920 plane

282 1955 527 2019 supervacanea
556 1944 680 2020 essent,
711 1956 782 2002 cum
811 1937 1056 2003 desideraretur
1090 1939 1150 2003 hoc
1178 1939 1246 2003 loco
1277 1957 1386 2023 causa,

283 2039 323 2104 de
345 2057 409 2120 qua
430 2038 560 2121 sponsio
584 2039 675 2105 facta
697 2042 795 2104 esset.
838 2039 886 2102 At
915 2037 976 2101 hoc
998 2037 1069 2103 viro
1098 2037 1284 2104 doctissimo
1314 2058 1387 2105 con·

283 2140 399 2205 cedere
435 2158 574 2220 nequeo:
624 2140 720 2205 immo
757 2138 916 2204 contendo
952 2138 1151 2219 polemarchi
1187 2157 1250 2204 nou
1285 2139 1387 2207 fuisse

283 2257 415 2304 causam
430 2239 563 2320 afferre,
580 2241 637 2304 sed
656 2238 787 2304 nomina
801 2256 992 2319 sponsorum
1007 2239 1095 2304 nullo
1118 2240 1210 2305 modo
1234 2240 1386 2307 omittere

281 2338 422 2406 licuisse.
466 2341 548 2405 Nam
571 2358 642 2404 cum
666 2339 806 2404 Athenis
828 2338 861 2403 in
890 2339 1036 2404 omnibus
1067 2341 1179 2422 rebus,
1203 2358 1243 2404 ex
1269 2341 1386 2420 quibus

283 2440 426 2505 fortasse
458 2440 498 2506 lis
532 2439 611 2504 oriri
643 2439 768 2523 potuit,
802 2443 906 2504 testes
928 2440 982 2504 vel
1014 2457 1188 2520 sponsores
1221 2441 1386 2508 adhibitos

283 2559 385 2621 eaque
408 2541 534 2605 demum
555 2558 592 2604 re
615 2540 715 2605 talem
736 2539 921 2620 pactionem
941 2543 1048 2604 ratam
1070 2540 1193 2605 factam
1216 2558 1287 2604 esse
1302 2540 1386 2606 satis

282 2648 394 2707 notum
417 2640 470 2720 sit,
493 2660 568 2706 num
591 2640 719 2705 omnino
741 2640 813 2705 fieri
836 2640 959 2722 potuit,
982 2645 1019 2704 ut
1041 2641 1172 2705 nomina
1194 2659 1385 2722 sponsorum

283 2740 536 2806 omitterentur?

366 2859 483 2923 Altera
504 2857 750 2922 Westermanni
780 2856 913 2922 offensio
941 2856 1016 2922 inde
1041 2858 1186 2939 repetita
1209 2866 1276 2942 est,
1300 2861 1385 2940 quod

282 2965 395 3025 orator
416 2958 450 3024 iu
471 2956 592 3040 verbis,
616 2973 699 3036 qnae
721 2961 911 3039 sequuntur,
933 2976 1030 3022 unum
1046 2961 1174 3023 tantum
1196 2977 1384 3040 sponsorem

286 3060 399 3142 affert3
422 3063 458 3123 at
479 3060 560 3124 baec
581 3075 635 3121 res
658 3056 867 3122 offensionem
889 3077 954 3122 non
983 3059 1134 3140 praebet,
1162 3058 1220 3124 sed
1246 3058 1385 3125 maxime

281 3166 534 3226 consentaneum
557 3163 608 3224 est
630 3163 794 3224 oratorem
816 3159 947 3222 nomina
976 3166 1159 3223 ceterorum
1182 3178 1383 3243 sponsorum,

282 3280 450 3343 qnaeuon
473 3261 605 3325 adrem
628 3278 719 3324 suam
742 3257 924 3340 pertinent,
953 3257 1105 3325 omittere
1135 3264 1169 3323 et
1196 3260 1263 3341 eJ’us
1291 3261 1383 3325 modo

281 3382 397 3428 nomen
420 3361 548 3440 afferre,
571 3361 605 3424 in
628 3378 721 3441 quem
743 3377 828 3422 nunc
850 3358 955 3441 magis
977 3358 1166 3424 invecturns
1189 3364 1249 3425 est.

365 3477 514 3559 Denique
529 3478 801 3542 Westermannus
823 3475 903 3540 dicit
926 3495 966 3542 ex
984 3475 1167 3542 nominibus
1183 3495 1383 3558 sponsorum,

282 3599 366 3660 quoe
388 3578 516 3660 quidem
539 3577 573 3642 in
594 3581 689 3642 textu
710 3594 774 3640 non
789 3575 1009 3658 reperiuntur,
1030 3576 1113 3641 nibil
1128 3577 1167 3641 de
1184 3574 1384 3642 anctoritate

281 3676 492 3743 instrumenti
514 3677 706 3742 concludere
728 3676 836 3758 licere,
859 3677 917 3742 sed
940 3696 979 3741 ea
1001 3696 1021 3741 a
1042 3677 1180 3742 falsario
1203 3695 1275 3742 esse
1295 3676 1383 3745 ficta.

282 3778 388 3861 Quam
413 3776 699 3844 ratiocinationem
726 3795 919 3859 quamquam
952 3774 1034 3842 nibil
1054 3777 1167 3842 valere
1192 3777 1258 3860 jam
1285 3782 1384 3842 antea

369 3982 375 4009 ¹
394 3979 453 4032 Hoc
470 3976 585 4031 maxime
603 3977 750 4044 apparebit,
778 3977 800 4030 si
827 3977 993 4045 comparabis
1010 3977 1094 4030 verba
1119 3981 1295 4040 καθεύδοντος
1321 3977 1383 4049 Φορ-

280 4066 378 4128 μιίονος
396 4069 424 4116 et
441 4064 578 4117 καθεύδειν
596 4067 666 4132 σφᾶς
684 4064 785 4138 αὐτούς.

365 4147 374 4175 ²
391 4143 551 4198 Rectissime
568 4142 696 4200 Reiskius
713 4144 778 4198 haec
795 4144 904 4198 nomina
922 4143 1029 4210 scripsit
1047 4160 1095 4210 pro
1113 4143 1147 4197 iis
1175 4160 1243 4210 qnae
1261 4143 1289 4197 in
1307 4143 1384 4198 libris

282 4235 400 4288 exstant.
