3236 4924
708 391 709 394 Ἴ
791 321 807 377 7

251 517 378 581 obrem
406 517 465 581 hoo
493 515 606 580 feeerit
627 515 677 580 vir
698 506 898 602 doctissimus
924 535 1026 596 neque
1046 515 1139 582 video
1165 523 1261 582 antea
1285 517 1353 598 jam

251 635 439 697 quemquam
468 616 507 680 de
535 615 597 681 fide
623 617 735 681 harum
762 615 968 682 formularum
996 616 1167 682 dubitasse.
1212 615 1354 700 Quarum

251 717 366 799 prima,
390 735 471 797 quae
491 715 652 782 inuenitur
672 715 706 780 in
729 714 747 800 ξ
771 721 814 798 9·,“
835 718 915 782 haee
936 721 1001 782 est:

375 867 474 955 Ἀκοίμ
521 865 595 930 εἶναι
633 873 801 950 μαρτυρεῖν
845 865 1025 942 τεθνεῶτος,
1069 867 1271 952 ἐκμαρτυρίαν
1319 869 1353 932 δὲ

383 966 548 1052 ὑπερορίου
570 968 618 1030 καί
630 967 797 1030 ἀδυνάτου.
1005 950 1011 966 ’
1285 985 1287 992 ·

335 1187 411 1250 Hao
431 1186 502 1267 lege
523 1191 680 1250 statutum
703 1192 782 1264 erat,
806 1190 842 1250 ut
863 1186 977 1251 testari
997 1186 1108 1251 lioeret
1129 1185 1226 1251 alium
1241 1185 1354 1269 virum,

254 1282 307 1367 qui
336 1290 443 1351 tamen
466 1285 533 1368 jam
561 1291 657 1351 antea
683 1291 826 1351 mortuus
856 1290 953 1368 esset,
985 1285 1193 1369 certissimam
1222 1285 1386 1369 alicujus!

252 1386 299 1452 rei
322 1385 485 1452 seientiam
507 1386 665 1468 habuisse,
687 1386 720 1451 id
741 1387 824 1466 quod
837 1387 871 1452 in
886 1405 1028 1452 sermone
1043 1385 1142 1452 attioo
1158 1386 1355 1468 significatur
1417 1417 1418 1420 ¹

254 1487 361 1554 verbis
382 1488 475 1575 ἀκοὴν
494 1491 661 1571 μαρτυρεῖν
686 1485 868 1566 τεθνεῶτος;
890 1487 918 1552 si
932 1491 1038 1552 autem
1056 1487 1126 1568 quis
1141 1486 1355 1552 testimonium

253 1587 295 1652 ad
317 1577 445 1653 oarrsam
466 1586 628 1668 pertinens
655 1586 759 1652 dicere
783 1591 928 1669 poterat,
950 1589 1006 1653 sed
1027 1585 1144 1653 itinere
1166 1578 1219 1653 uel
1246 1588 1355 1652 morbo

252 1687 429 1769 prohibitus
451 1691 530 1769 erat,
552 1706 594 1752 ne
614 1687 647 1752 in
665 1687 816 1769 jndioium
831 1687 966 1769 veniret,
989 1692 1055 1752 tum
1077 1706 1136 1769 per
1156 1689 1239 1752 hano
1252 1689 1355 1770 legem

253 1789 343 1856 licuit
363 1788 410 1854 illi
441 1788 654 1854 testimonium
683 1788 800 1853 litteris
828 1788 980 1853 mandare
1009 1787 1081 1854 aliis
1102 1787 1182 1854 viris
1209 1807 1355 1869 praesen-

252 1890 353 1972 tibus,
376 1889 430 1970 qui
455 1889 582 1969 quidem
603 1887 817 1955 testimonium
844 1889 885 1953 ab
911 1887 965 1954 illo
991 1888 1059 1970 ipso
1087 1889 1196 1955 datum
1222 1908 1292 1955 esse
1322 1889 1355 1954 in

250 1989 368 2073 judicio
391 1991 608 2069 testabantur;
631 1991 714 2069 quod
739 2008 838 2071 genus
867 1989 1007 2055 testandi
1033 1988 1231 2072 significatur
1250 1989 1357 2056 verbis

256 2090 458 2174 ἐκμαρτυρίαν
477 2094 654 2174 μαρτυρεῖν.

225 2273 227 2282 ,
336 2206 429 2273 Illius
455 2210 561 2272 autem
596 2206 764 2288 formulae,
794 2225 887 2286 quam
910 2225 1005 2288 supra
1038 2207 1253 2288 laudavimus
1285 2226 1355 2272 oum

254 2326 355 2386 neque
370 2307 410 2372 de
425 2306 581 2389 scriptura
597 2306 766 2387 quidquam
789 2306 897 2372 afferri
911 2325 1012 2388 neque
1032 2307 1065 2372 in
1085 2326 1230 2373 sermone
1244 2307 1358 2373 offendi

259 2406 370 2489 possit,
407 2407 517 2472 statim
553 2413 753 2474 transeamus
789 2409 831 2474 ad
863 2407 1105 2473 examinandum
1136 2413 1357 2490 argumentum

254 2507 371 2588 ipsum,
404 2507 486 2588 quod
517 2507 594 2573 milri
627 2507 752 2587 quidem
783 2507 910 2572 videtur
941 2506 1141 2588 aptissimum
1173 2525 1251 2572 esse.
1294 2509 1357 2574 Re·

256 2608 389 2689 spondet
410 2607 491 2673 enim
514 2608 610 2689 plane
629 2607 742 2696 verbis
758 2607 911 2691 oratoris,
938 2606 991 2687 qui
1012 2608 1229 2673 demonstrare
1250 2609 1357 2673 studet

254 2707 451 2790 Stephanum
473 2712 585 2773 eontra
616 2709 704 2790 leges
736 2707 949 2773 testimonium
983 2708 1121 2789 dedisse,
1154 2726 1225 2773 oum
1254 2727 1357 2789 neque

254 2809 388 2875 vidisset
408 2828 510 2890 neque
532 2809 695 2888 scivisset,
726 2809 780 2872 sed
803 2807 979 2873 audivisset
1004 2808 1095 2874 modo
1121 2826 1141 2872 a
1165 2797 1358 2875 Phormione

254 2909 424 2975 Pasionem
460 2913 684 2974 testamentum
714 2907 837 2973 fecisse.
890 2908 955 2972 illa
980 2913 1087 2972 autem
1115 2908 1168 2972 lex
1195 2913 1229 2975 et
1251 2927 1356 2974 rerum

253 3014 389 3074 naturae
408 3009 505 3090 plane
526 3009 731 3074 accomodata
753 3013 802 3073 est
831 3015 863 3072 et
891 3026 926 3072 re
953 3026 1030 3073 vera
1055 3007 1196 3073 Athenis
1217 3010 1356 3091 valebat,

255 3109 288 3174 id
309 3110 392 3189 quod
412 3108 485 3172 inde
507 3113 653 3191 apparet,
684 3109 767 3188 quod
788 3107 844 3173 alii
866 3126 988 3188 quoque
1016 3114 1158 3173 oratores
1184 3108 1251 3191 ejns
1273 3127 1357 3174 men·

256 3209 373 3274 tionem
394 3209 540 3274 faciunt.²
583 3209 645 3276 Sed
666 3209 805 3275 fortasse
827 3227 862 3274 eo
885 3207 1068 3290 offendaris,
1096 3210 1178 3288 quod
1199 3209 1270 3292 lege
1294 3230 1356 3276 non

256 3309 424 3392 statuitur,
447 3313 483 3374 ut
514 3311 653 3375 homines
686 3308 801 3375 mortui
821 3309 874 3375 vel
902 3309 1052 3374 absentes
1074 3327 1183 3375 ueram
1209 3309 1256 3375 rei
1277 3310 1358 3376 noti-

254 3410 333 3477 tiam
365 3411 519 3490 habeant3
552 3414 696 3476 attamen
725 3409 793 3492 jam
824 3409 1082 3476 Schoemannus³
1113 3410 1196 3475 hano
1224 3409 1357 3476 diffiord-

254 3516 354 3577 tatem
385 3511 561 3593 expedivit,
585 3531 655 3576 oum
687 3511 806 3575 diceret
833 3508 986 3592 jndioium
1008 3509 1155 3575 veritatis
1185 3510 1358 3578 testimonii

254 3632 351 3694 penes
369 3612 492 3696 judiees
516 3611 616 3678 fuisse
636 3616 669 3676 et
690 3610 785 3676 alteri
813 3610 899 3692 parti
927 3609 1055 3676 licuisse
1082 3609 1296 3677 testimonium
1323 3611 1357 3678 in

254 3713 382 3778 dubium
407 3733 536 3796 vocare,
567 3713 614 3781 ita
642 3717 679 3777 ut
721 3711 754 3777 in
783 3713 844 3778 hao
879 3711 947 3794 lege
981 3711 1042 3778 tali
1080 3716 1249 3794 praecepto
1278 3731 1357 3795 opus

253 3833 315 3879 non
337 3818 433 3880 esset.

339 3985 346 4013 ¹
366 3981 480 4037 Secutus
497 3997 556 4035 sum
574 3997 698 4035 numeros
715 3978 847 4034 Dindorfii
865 3977 992 4033 editionis
1009 3977 1175 4033 Oxoniensis.

338 4067 399 4120 ²of.
418 4071 487 4119 orat.
505 4067 537 4119 57
554 4064 571 4131 ᾖ
588 4067 611 4118 6.
631 4065 653 4118 7.

338 4149 349 4182 ⁸
366 4149 399 4202 os.
418 4147 504 4203 Maior
521 4152 550 4201 et
567 4146 739 4214 Schoemenn,
758 4147 790 4200 de
807 4146 849 4200 lit.
868 4145 944 4200 attio.
961 4161 987 4212 p.
1005 4144 1062 4200 670.
