3236 4924
347 1463 704 1619 Α11161116616116166,
729 1555 810 1616 quae
836 1536 870 1602 in
895 1536 1023 1619 judiciis
1051 1531 1265 1621 habebantur,
1295 1558 1357 1604 non

222 1655 381 1734 ‘semper
397 1636 443 1701 ab
466 1634 512 1700 eis
533 1634 586 1715 qui
606 1635 780 1718 litigabant
801 1636 894 1718 ipsis
913 1638 973 1716 sed
1002 1638 1188 1720 saepissime
1215 1640 1257 1704 ab
1285 1638 1358 1704 aliis

255 1735 445 1806 hominibus
466 1739 499 1800 61
529 1736 609 1801 artis
637 1737 795 1803 oratoriae
827 1742 860 1803 et
886 1739 991 1820 legum
1020 1738 1204 1804 Atticarum
1236 1738 1362 1821 peritis,

176 1920 178 1924 ι
256 1835 309 1917 qui
342 1838 541 1904 vocabantur
573 1841 765 1926 λογογράφοι,
804 1839 995 1922 compositas
1028 1860 1100 1924 ‚esse
1131 1827 1230 1918 111161Ι
1248 1859 1356 1906 omnes

256 1925 391 2003 constat.
446 1933 509 2023 Qui
537 1941 725 2028 λογογράφοι,
758 1960 828 2006 cum
859 1942 901 2006 ab
934 1941 1049 2027 aliquo·
1069 1941 1152 2030 jussi
1183 1941 1358 2007 orationem

256 2039 422 2122 conficere,
444 2040 483 2105 de
505 2058 602 2105 causa
624 2041 774 2106 certiores
795 2038 875 2106 facti
897 2046 1004 2107 essent
1025 2046 1122 2122 atque
1143 2041 1249 2108 omnia
1277 2060 1358 2122 quae
1439 2065 1442 2072 ·

255 2135 362 2205 afferri
382 2145 532 2222 poterant
560 2141 627 2206 litis
659 2141 873 2207 instrumenta
906 2142 1113 2224 accepissent,
1146 2143 1179 2208 in
1214 2143 1358 2209 oratione

255 2240 483 2306 conscribenda
503 2241 599 2322 plane
621 2260 677 2306 suo
699 2231 838 2307 arbitrio
854 2243 1003 2324 agebant,
1035 2243 1083 2308 ita
1112 2247 1149 2308 ut
1177 2243 1358 2309 testimonia

188 2399 189 2404 ,
256 2345 288 2403 61
309 2341 415 2422 legum
447 2340 600 2405 formulas
633 2340 745 2420 quibus
777 2342 929 2408 volebant
960 2341 1038 2407 locis
1070 2342 1255 2409 insererent.
1311 2345 1360 2410 Ut

256 2447 363 2528 autem
384 2427 455 2521 loci,
479 2439 591 2520 quibus
613 2439 670 2504 illa
697 2439 764 2505 litis
793 2440 1006 2506 instrumenta
1038 2459 1058 2506 a
1090 2441 1195 2507 scriba
1223 2443 1358 2525 legenda

256 2543 357 2620 erant,
382 2538 644 2622 significarentur,
668 2540 742 2620 quid
757 2540 930 2622 simplicius
953 2546 1023 2606 erat
1044 2561 1138 2622 quam
1158 2541 1236 2624 ipsis
1250 2543 1357 2610 uerbis

204 2699 208 2704 .
255 2642 341 2704 totas
370 2639 474 2722 legum
504 2644 537 2704 et
567 2639 818 2706 testimoniorum
845 2640 999 2706 formulas
1026 2660 1081 2707 suo
1111 2661 1267 2724 quamque
1289 2644 1358 2710 loco

255 2738 391 2805 orationi
421 2739 561 2806 inserere
593 2741 783 2822 easdemque
813 2741 847 2806 in
876 2742 1036 2824 plagulam
1070 2727 1204 2809 collatas
1236 2743 1359 2810 scribae

253 2840 428 2905 mandare?
471 2841 592 2906 Eodem
615 2842 706 2908 modo
729 2846 872 2908 oratores
893 2841 980 2923 ipsos
994 2844 1047 2909 uel
1062 2862 1169 2909 eorum
1187 2843 1357 2926 discipulos

254 2944 320 3010 tum
343 2960 465 3021 quoque
487 2941 591 3023 egisse
611 2941 783 3007 verisimile
805 2948 863 3023 est,
887 2960 957 3007 cum
972 2961 1046 3007 suas
1062 2943 1114 3008 vel
1130 2941 1354 3025 magistrorum

254 3040 412 3106 orationes
434 3040 467 3105 in
488 3040 647 3121 publicum
670 3042 831 3106 edebant¹

339 3141 402 3206 Sed
423 3141 502 3205 haec
523 3141 745 3224 instrumenta,
768 3161 859 3222 quae.
871 3142 1057 3222 aequalibus
1079 3143 1204 3222 quidem
1224 3144 1358 3208 multum

256 3241 419 3321 valebant,
435 3259 505 3305 cum
520 3241 610 3307 breui
624 3242 804 3308 rhetoribus
819 3261 1058 3324 supervacanea
1075 3261 1145 3308 esse
1161 3243 1357 3325 viderentur,

144 3391 150 3400 .
254 3342 405 3422 pleraque
428 3359 467 3406 ex
488 3340 578 3406 libris
601 3342 798 3424 exciderunt,
832 3363 894 3424 qua
921 3343 954 3410 in
980 3363 1016 3409 re
1042 3363 1118 3409 casu
1148 3343 1270 3409 factum
1299 3348 1357 3425 cst,

255 3446 290 3507 ut
312 3441 345 3507 in
367 3441 432 3506 alia
454 3441 598 3507 oratione
619 3461 727 3508 omnes
749 3443 905 3512 formulae
919 3445 1116 3526 tollerentur,
1139 3443 1172 3509 in
1193 3443 1259 3509 alia
1279 3463 1357 3510 non·

250 3543 360 3608 nullae
382 3542 484 3623 modo,
506 3542 539 3606 in
561 3542 626 3608 alia
647 3543 736 3608 nulla
758 3543 902 3610 6111111116..
915 3602 925 3636 γ,
947 3545 1058 3624 Atque
1090 3543 1357 3623 Demosthenicas

252 3642 378 3724 quidem
401 3642 562 3709 orationes
584 3642 637 3724 qui
658 3642 818 3708 recensuit
840 3644 990 3726 cujnsque
1021 3646 1063 3710 ab
1089 3645 1226 3710 editione
1247 3663 1358 3710 omnes

252 3742 375 3809 codices
396 3734 500 3810 niostri
521 3743 685 3826 repet-endi
707 3748 792 3827 sunt,
815 3745 948 3810 Atticus
963 3745 1065 3812 uoluit
1080 3765 1187 3812 omnes
1201 3745 1355 3811 formulas

254 3861 293 3906 ex
314 3842 450 3909 editione
472 3863 530 3908 sua
552 3862 714 3924 amovere,
746 3844 802 3920 sed
830 3843 863 3909 in
893 3846 952 3910 hoc
978 3844 1082 3910 studio
1110 3866 1173 3912 non
1201 3845 1261 3912 sibi
1287 3865 1357 3911 con·
1471 3879 1473 3886 ·

254 3939 353 4020 stitit3
374 3960 448 4006 nam
470 3948 506 4008 ut
527 3943 678 4010 orationis
698 3943 733 4008 in
748 3943 915 4011 ‘Neaeram
944 3944 1097 4011 formulas
1129 3946 1162 4012 in
1183 3945 1356 4013 Atticiana

337 4107 421 4161 ιΗ66
444 4109 593 4164 sententias
616 4110 717 4180 primus
743 4111 786 4164 Jo.
810 4111 888 4165 (11111.
910 4109 1077 4178 Droysenius
1101 4113 1218 4179 protulit
1240 4113 1269 4167 in
1292 4113 1356 4167 [liar.

252 4192 323 4246 stud.
341 4191 425 4258 antiq.
443 4207 467 4246 a.
487 4193 551 4247 1839
569 4209 594 4260 p.
613 4195 671 4248 539.
1154 4263 1182 4315 1*
