3236 4924
730 383 817 465 '55

246 622 410 685 nunquam
431 602 466 667 in
488 601 683 698 populiscitu
706 600 762 666 illo
780 599 958 681 exstitisse,
981 600 1039 664 sed
1055 618 1075 664 a
1089 599 1226 665 falsario
1242 599 1351 680 aliquo

248 691 428 785 composita
450 722 522 768 esse
544 722 608 768 non
630 701 854 785 persuadebis.
898 699 988 782 Quae
1004 699 1170 765 sententia
1185 699 1264 765 mihi
1279 719 1352 764 oon-

246 806 414 886 firmatur,
445 789 517 870 cum
545 799 674 879 videam
704 807 737 867 et
766 801 945 866 Meierum¹
977 818 1104 881 quoque
1134 800 1352 884 etlslerum²

247 909 281 968 et
315 897 526 969 Szantovirim
547 891 650 967 ¹lranc
684 902 856 968 formulam
891 899 1064 982 genuinam
1097 908 1216 981 putare
1248 920 1352 981 neque

174 991 176 996 ¹
246 1023 276 1070 u.
293 1005 323 1068 d.
340 998 478 1084 Esium,³
500 1002 617 1083 quide
637 1005 866 1083 plerarumque
888 1001 1025 1064 aliarum
1049 1000 1261 1065 formularum
1277 1020 1352 1066 auo·

247 1105 385 1170 toritate
422 1103 545 1168 diserte
570 1097 718 1187 judicat,
741 1102 832 1166 huic
868 1101 1026 1166 formulae
1061 1101 1155 1166 fidem
1190 1101 1352 1186 ‹le'rogare

249 1223 363 1269 ausum
386 1219 473 1269 esse·
572 1251 574 1256 ·

331 1488 422 1553 Idem
455 1488 525 1552 fere
559 1487 727 1552 dicendum
758 1492 810 1551 est
837 1488 877 1551 de
905 1485 973 1551 litis
1005 1485 1237 1568 instrumento,
1266 1488 1352 1567 quod

248 1589 311 1671 iam
347 1607 445 1653 unum
482 1593 606 1668 restat,
644 1587 684 1651 de
717 1586 857 1660 formula
887 1586 1100 1669 jurisjurandi
1136 1588 1351 1667 sacerdotum,

250 1706 334 1768 qnae
365 1689 569 1754 vocabantur
600 1684 739 1770 γεραραί,
772 1687 863 1769 cujus
889 1687 993 1751 verba
1025 1685 1058 1750 in
1091 1677 1239 1752 oratione
1272 1690 1353 1753 haec

167 1861 175 1876 ,
250 1789 440 1853 laudantur:

370 1900 474 1988 Ὅρκος
498 1908 646 1989 γεραριῖιν.
681 1903 834 1985 Ἆγιστεύω
870 1905 917 1966 καὶ
951 1903 1009 1985 alfii
1044 1903 1167 1987 καιίαρὰ
1203 1906 1251 1968 καὶ
1279 1907 1352 1992 mvl]
1388 1970 1390 1974 ,

373 2007 434 2068 ἀπὸ
458 2010 517 2068 τῶν
539 2003 637 2067 ἄλλων
667 2008 726 2067 τῶν
754 2004 790 2066 ol
819 2002 1055 2086 καθαρευόντων
1082 2005 1130 2067 καὶ
1159 2005 1211 2066 ἀπ’
1240 2006 1353 2088 ἀνδρὸς

374 2103 545 2179 συνουσίας,
567 2106 615 2167 καί
639 2105 675 2166 τὰ
698 2104 817 2185 ι’ίεόγνια
840 2104 887 2166 καί
911 2103 946 2166 τὰ
976 2103 1135 2189 ἰοβάκχεια
1163 2110 1285 2188 γεραρῶ
1310 2107 1353 2190 τῷ

372 2205 508 2288 Διονύσῳ
530 2205 607 2268 κατὰ
630 2204 666 2266 τὰ
689 2204 799 2287 πάτρια
821 2204 869 2266 καί
898 2202 930 2264 ἐν
954 2207 1011 2271 τοῖς
1034 2203 1198 2291 καθήκουσι
1214 2205 1349 2289 χρόνοις.

330 2337 475 2402 Primum
503 2336 631 2418 quidem
664 2336 704 2401 de
732 2336 891 2401 formulae
925 2337 1092 2418 scriptura
1122 2357 1228 2418 pauca
1250 2341 1352 2404 verba

250 2437 401 2503 facienda
423 2442 509 2504 sunt.
558 2438 697 2502 Praeter
725 2435 895 2502 lectionem
925 2437 1008 2502 enirn
1036 2444 1175 2524 γεραρῶν
1203 2438 1237 2503 in
1266 2438 1352 2503 corli-

248 2538 338 2604 cibus
371 2538 494 2622 legitur
525 2541 675 2622 γεραιρῶν
706 2535 759 2601 vel
790 2536 954 2621 γεραίρων,
992 2539 1049 2604 sed
1083 2539 1142 2603 has
1176 2537 1298 2603 formas
1332 2557 1352 2600 a

248 2637 473 2720 grammaticis
501 2638 555 2702 vel
586 2635 732 2702 librariis
765 2640 901 2716 propter
934 2637 1165 2720 etymologiam
1199 2657 1219 2702 a
1252 2639 1352 2703 verbo

246 2736 378 2821 γεραίρω
407 2737 503 2802 fictas
533 2754 604 2802 esse
628 2735 756 2820 judicat
783 2735 1003 2818 DindorfiuS,²
1034 2757 1126 2818 quem
1155 2739 1183 2802 A
1220 2739 1352 2802 hlomnr-

247 2834 378 2902 senius⁶
410 2843 551 2902 secutus·
576 2855 647 2902 esse
675 2835 817 2901 videtur.
871 2837 952 2901 'l'unr
986 2837 1019 2900 in
1050 2837 1160 2903 verbis
1180 2839 1352 2902 ·lbrmulae

247 2935 349 3017 ipsius
365 2945 499 3017 praeter
514 2937 652 3001 formam
668 2941 790 3020 γεραρῶ
807 2936 973 3017 κορακῖνον
986 2937 1018 3000 in
1031 2938 1195 3003 codicibus
1210 2937 1351 3022 γεραίρω,

247 3034 305 3097 sed
327 3052 398 3098 cum
421 3054 517 3100 sacra
539 3035 692 3100 facienda
714 3035 840 3103 demum
863 3035 938 3116 sint,
962 3036 1066 3101 futuri
1088 3037 1224 3102 formam
1241 3057 1351 3104 neces-

248 3133 370 3196 sariam
382 3152 453 3199 esse
466 3133 670 3199 demonstrat
683 3135 922 3201 Mommsenius.
966 3137 1115 3218 Denique
1130 3140 1351 3219 quaerendum

248 3235 308 3312 est,
331 3241 408 3297 utra
423 3233 537 3314 forma,
562 3233 681 3314 θειίγνια
703 3254 745 3299 an
767 3234 890 3316 ιίεοίνια,
912 3254 1047 3319 quarum
1064 3245 1203 3318 utraque
1217 3237 1251 3303 in
1267 3240 1352 3304 codi-

248 3330 338 3396 cibus
374 3331 514 3414 legitur‚
552 3332 740 3415 recipienda
771 3333 831 3414 sit3
868 3337 907 3400 de
944 3335 994 3400 his
1028 3343 1136 3401 autem
1169 3338 1351 3404 nominibus

247 3430 476 3497 Mommsenius
488 3435 499 3466 ⁰
510 3433 728 3516 conjecturam
740 3434 892 3515 protulit,
906 3453 988 3514 quiae
1004 3436 1082 3500 milri
1095 3436 1231 3502 maxime
1245 3439 1353 3519 placet

245 3549 406 3610 quamque
432 3549 452 3595 a
484 3532 657 3598 Gilberto⁷
686 3552 812 3616 quoque
841 3534 975 3615 probari
1010 3536 1115 3601 video.
1170 3537 1351 3604 Existimat

332 3737 337 3762 ¹
359 3731 392 3786 cf.
411 3733 444 3787 ‹le
461 3734 589 3788 diaetetis
606 3751 632 3802 p.
650 3737 673 3789 l.

331 3815 392 3870 ’ot
410 3817 535 3872 Fleckeis
552 3833 614 3873 ann.
632 3835 656 3872 o.
676 3821 740 3873 1871
758 3834 783 3885 p.
805 3819 859 3872 113.

332 3900 343 3929 ³
361 3900 394 3953 cf.
412 3901 429 3954 l.
447 3902 464 3955 l.
483 3920 509 3971 p.
526 3904 567 3956 24,

331 3985 342 4012 ⁴
360 3982 393 4035 cf.
412 3984 542 4055 Stephani
561 3986 678 4040 thesaur.
697 3987 751 4040 vol.
769 3989 786 4039 2
803 4003 829 4052 p.
846 3988 904 4041 582.

331 4066 391 4119 ⁵cf.
412 4068 567 4135 Mommsen,
586 4069 737 4136 lreortolog.
756 4089 781 4139 p.
799 4071 850 4124 858
868 4087 905 4135 sq.

330 4148 391 4202 ‘ct
410 4151 428 4205 l.
448 4151 464 4204 l.
483 4170 508 4221 p.
527 4154 584 4206 327.

331 4236 394 4287 ’ol
414 4235 526 4302 Gilbert,
546 4237 578 4289 ‹le
597 4236 763 4304 temporibus
781 4235 989 4290 Bacchanalium
1008 4235 1153 4288 atticorum
1173 4254 1198 4304 p.
1218 4239 1273 4290 161.
