3236 4924
806 384 847 444 40

277 581 443 647 sententia
465 580 645 662 nonlicet,
669 599 739 647 curn
762 586 926 647 oratorem
959 580 1001 645 ad
1023 581 1240 662 interruptam
1267 600 1381 647 narra·

275 681 397 747 tionem
414 701 541 763 semper
556 682 722 763 particula
745 681 839 746 τοίνυν
861 680 986 747 reverti
999 680 1127 750 videam
1180 679 1262 745 Mihi
1276 680 1381 764 igitur

275 781 432 848 falsarius
455 782 573 863 aliquis
595 782 678 848 haec
691 784 803 866 verba,
826 781 1005 864 respiciens
1028 786 1062 846 et
1084 800 1123 847 ea
1145 800 1228 863 quae
1250 802 1381 863 pracce-

252 883 358 948 dunt
384 883 432 969 ἐφ’
462 878 546 968 ῷέν
581 882 721 969 Κορίνθῳ
746 884 790 971 μὴ
820 881 996 967 ἐργάζεσθαι
1025 869 1059 946 'et
1088 900 1171 963 quae
1201 889 1381 962 sequuntur

276 983 461 1068 ἀφικόμενος
481 982 576 1048 τοίνυν
599 984 692 1068 δεῦρο
722 980 803 1068 ἔχων
831 983 938 1071 αὐτὴν,
971 981 1105 1048 finxisse
1137 985 1236 1064 atque
1268 983 1381 1066 inepte

276 1082 462 1148 testimonio
485 1083 644 1168 adjecisse
665 1082 807 1148 videtur.

360 1185 397 1248 ln
431 1182 503 1266 ipso
533 1189 643 1250 autem
665 1182 852 1249 testimonio
877 1181 1061 1266 Phrynion,
1095 1182 1150 1264 qui
1182 1183 1310 1265 quidem
1342 1185 1383 1250 ab

278 1285 410 1348 oratore
432 1301 534 1364 supra
555 1282 708 1349 Damonis
728 1281 829 1362 filine,
852 1282 1065 1348 Democharis
1087 1282 1217 1367 frater,
1244 1283 1383 1349 Paeani-

277 1381 364 1448 ensis
385 1382 633 1466 nominabatur,
661 1385 755 1450 modo
782 1382 994 1449 Democharis
1019 1383 1148 1450 irater¹
1178 1384 1375 1466 appellatur.

278 1482 369 1565 Quae
390 1482 590 1566 significatio
613 1483 757 1550 fortasse
779 1484 949 1566 scrupulos
971 1488 1111 1567 moveat,
1134 1503 1206 1550 curn
1221 1485 1255 1550 in
1277 1483 1382 1550 titulis

281 1580 395 1648 atticis
418 1581 508 1647 etin
530 1582 581 1648 his
603 1581 752 1649 formulis
774 1588 833 1648 aut
853 1583 991 1666 simplex
1005 1603 1128 1650 nomen
1150 1589 1301 1667 ponatur,
1324 1590 1384 1651 aut

281 1680 389 1764 patris
410 1683 464 1748 vel
485 1683 581 1766 pagi,
605 1682 662 1749 sed
683 1702 843 1764 nusquam
866 1683 995 1768 fratris,
1029 1683 1160 1751 nomina
1186 1683 1383 1750 adiciantur.

278 1787 325 1847 At
347 1784 432 1849 hanc
454 1781 663 1848 offensionem
684 1783 790 1850 levari
817 1785 935 1850 saltem
956 1803 1052 1868 posse
1075 1785 1234 1851 existimo.
1278 1783 1383 1866 Phry·

278 1881 406 1948 nionem
429 1881 528 1965 enim,
552 1902 624 1949 cum
645 1885 706 1950 hoc
727 1885 797 1950 loco
819 1879 883 1951 non
912 1886 1010 1952 testis
1033 1890 1135 1968 esset,
1158 1884 1216 1951 sed
1244 1885 1286 1950 ab
1308 1882 1383 1950 aliis

279 1983 347 2066 ejus
369 1982 491 2048 mentio
512 1983 623 2060 fieret,
646 1983 702 2050 vix
724 1984 871 2050 sollemni
893 1985 1022 2052 ratione
1047 1984 1156 2052 notari
1182 2004 1263 2067 opus
1292 1988 1382 2063 erat;

279 2101 350 2148 cum
386 2089 496 2149 autern
533 2084 633 2150 etiam
669 2089 773 2152 testes
806 2086 934 2152 varium
969 2088 1003 2152 in
1038 2087 1167 2152 modum
1202 2083 1384 2169 significari

278 2181 463 2267 videamus,
493 2203 570 2249 num
592 2189 767 2268 tantopere
795 2186 1021 2253 offendendum
1049 2193 1100 2254 est
1129 2187 1163 2252 in
1190 2186 1253 2251 hac
1280 2184 1384 2250 Phor-

279 2282 394 2349 mionis
416 2284 607 2351 notatione?
651 2285 716 2352 Sed
731 2305 789 2352 cur
806 2288 869 2354 hac
883 2287 956 2370 ipsa
970 2287 1109 2369 ratione,
1125 2285 1242 2353 fratris
1256 2283 1384 2350 nomine

279 2383 403 2466 addito,
425 2385 596 2470 Phrynion
611 2387 805 2471 appelletur,
822 2389 976 2468 quaeras!
1020 2388 1070 2452 De
1086 2387 1289 2452 Demochare
1304 2403 1384 2450 sane

279 2502 343 2549 non
365 2485 470 2550 talia²
500 2486 594 2552 nobis
617 2487 804 2572 traduntur,
827 2501 863 2554 ut
883 2495 1001 2570 putare
1023 2487 1183 2570 possimus
1198 2486 1259 2552 has
1274 2486 1314 2551 ob
1329 2505 1383 2552 res

280 2587 381 2649 tunc³
403 2585 472 2668 ejus
494 2604 610 2652 nomen
632 2587 666 2652 in
682 2605 830 2654 sermone
845 2593 1013 2654 versatum
1029 2607 1109 2655 esse.
1154 2586 1219 2654 Sed
1240 2586 1384 2653 fortasse

280 2684 501 2752 Demochares
524 2687 607 2753 alias
630 2706 756 2769 quoque
770 2709 825 2756 res
839 2690 928 2772 fecit,
951 2707 1088 2778 quarum
1103 2689 1190 2770 apud
1204 2688 1382 2769 scriptores

281 2783 410 2866 quidem
439 2788 529 2852 nulla
557 2789 595 2854 iit
624 2790 762 2871 mentio,
785 2789 843 2855 sed
874 2789 909 2856 in
930 2789 1094 2855 hominum
1122 2787 1286 2855 mentibus
1315 2792 1383 2852 tam

280 2885 413 2969 integra
445 2887 554 2954 haesit
585 2888 757 2972 memoria,
791 2894 828 2954 ut
857 2891 941 2955 hanc
973 2891 1013 2954 ob
1041 2909 1174 2955 causam
1203 2894 1315 2953 orator
1342 2888 1383 2953 ab

281 2987 407 3053 usitata
422 2989 663 3072 significatione
677 2992 856 3057 recederet.
899 2992 1042 3072 Propter
1056 2991 1139 3055 haec
1160 2993 1271 3055 autem
1282 2988 1384 3054 verba

281 3088 451 3155 formulam
473 3090 682 3156 subditiciam
700 3090 850 3175 Judicare
872 3109 912 3156 ea
926 3109 1052 3172 quoque
1067 3094 1276 3169 revelemur,
1299 3085 1384 3168 quod

281 3190 394 3255 eadem
417 3190 617 3274 significatio
640 3197 752 3258 exstat
772 3190 807 3256 in
829 3189 1016 3256 testimonio
1038 3191 1122 3273 §53‚
1146 3191 1236 3274 cujus
1256 3189 1295 3254 de
1311 3205 1384 3252 auc·

280 3290 419 3356 toritate
441 3291 570 3358 minime
592 3292 745 3358 dubitare
767 3292 867 3358 licere
888 3290 998 3357 infra⁴
1020 3290 1190 3357 ostendam

369 3464 377 3491 ¹
396 3457 472 3525 Quod
494 3457 586 3513 Athen
612 3460 657 3526 13,
677 3462 726 3514 593
753 3458 933 3526 Phrynionem
961 3460 1117 3528 ἀδελφιδοῦν
1139 3458 1314 3528 Δημοχάρους
1339 3469 1385 3506 uo-

281 3547 380 3610 minat,
398 3544 463 3598 mihi
480 3543 589 3597 videtur
607 3558 659 3596 non
677 3543 793 3596 multum
810 3543 914 3608 valere,
943 3542 989 3596 scd
1013 3540 1063 3594 hac
1079 3539 1108 3593 in
1130 3554 1159 3593 re
1178 3537 1385 3593 Westermanno

281 3629 427 3694 assentior,
468 3627 544 3696 cujus
573 3625 778 3693 descriptionem
812 3625 962 3680 stemmatis
996 3623 1116 3678 famuliae
1144 3621 1334 3676 Demosthenis
1368 3639 1386 3676 a

282 3714 424 3770 Schaefcro
443 3727 549 3779 quoque
567 3711 584 3763 l.
602 3710 619 3763 l.
638 3709 690 3762 vol.
708 3712 725 3762 3
742 3715 811 3778 part.
830 3710 846 3762 2
863 3727 889 3779 p.
907 3711 939 3764 56
957 3707 1063 3777 probari
1081 3707 1168 3760 video.
1277 3703 1280 3708 '

366 3797 460 3850 ’Fere
478 3809 548 3848 anno
575 3810 598 3846 a.
617 3792 677 3847 (ihr.
695 3809 721 3846 n.
739 3794 789 3846 375
816 3798 849 3847 ut
875 3792 1007 3862 magister
1033 3789 1155 3858 equitum
1181 3805 1240 3844 cum
1266 3789 1387 3856 Amynta

283 3880 393 3948 ejusque
427 3879 482 3932 lilio
513 3877 665 3932 Alexandro
700 3875 853 3944 pactionem
886 3877 968 3944 fecit,
1003 3892 1057 3944 qua
1085 3876 1118 3929 de
1146 3890 1175 3929 re
1204 3874 1239 3928 cf.
1266 3875 1294 3929 0.
1312 3875 1333 3928 I.
1351 3872 1387 3929 A.

282 3963 336 4017 vol.
354 3963 370 4016 2
387 3963 431 4016 tit.
451 3964 505 4017 151>-

366 4047 377 4078 ⁸
394 4047 461 4101 Cum
479 4045 627 4099 orationem
644 4043 717 4098 inter
734 4060 819 4100 annos
830 4045 880 4098 343
893 4049 921 4098 et
932 4045 983 4099 340
1000 4043 1120 4098 habitam
1138 4058 1197 4097 esse
1214 4041 1388 4098 consentiant

283 4128 335 4184 viri
353 4130 432 4196 docti,
451 4129 568 4196 triginta
586 4128 650 4182 anni
668 4127 873 4196 praeterierunt.

367 4217 377 4244 ⁴
395 4212 428 4267 cf.
446 4212 527 4280 hujus
544 4210 738 4282 disputationis
755 4227 780 4279 p.
798 4211 841 4264 42.
