3236 4924
759 361 798 425 325

231 565 393 632 mulierem
413 563 447 631 in
469 559 704 630 matrimonium
719 560 836 626 durans
851 559 989 643 sibiipsi
1003 558 1167 626 civitatem
1181 559 1337 640 sumebat,

232 665 311 732 civis
332 664 533 748 peregrinam
554 661 716 730 mulierem
739 660 856 726 ducens
877 680 940 726 non
961 658 1022 726 sibi
1043 659 1114 742 ipsi,
1137 657 1193 724 sed
1212 657 1339 724 mulieri

228 765 279 832 illi
300 765 464 832 civitatem
485 762 634 846 parabat.

315 867 491 932 Praeterea
513 867 608 947 putat
628 881 659 930 v.
681 862 711 928 d.
733 860 830 928 Esius
861 860 1012 944 injustum
1038 879 1108 926 esse
1139 861 1256 944 civem,
1284 860 1336 941 qui

231 967 431 1050 peregrinam
454 963 589 1045 duxerit,
611 961 750 1044 multari,
772 961 886 1044 civem,
907 980 988 1043 quae
1002 960 1169 1044 peregrino
1183 961 1336 1044 nupserit,

231 1087 294 1135 non
327 1065 441 1149 puniri.
495 1063 546 1130 At
576 1063 656 1130 haee
684 1062 745 1130 viri
779 1061 953 1129 doctissimi
985 1062 1144 1129 sententia
1171 1063 1249 1131 mihi
1274 1082 1337 1130 non

232 1167 361 1250 penitus
382 1185 461 1235 vera
482 1164 609 1232 videtur
630 1182 716 1243 esse;
737 1182 813 1229 nam
834 1163 911 1228 mihi
925 1163 1116 1246 persuadere
1136 1182 1199 1229 non
1210 1183 1337 1246 possum

233 1269 334 1337 civem
366 1265 515 1348 atticam,
550 1276 631 1346 quae
663 1262 789 1344 quidem
820 1263 940 1329 nullam
971 1264 1113 1330 habebat
1146 1268 1337 1347 potestatem

234 1366 376 1451 conjugis
409 1363 590 1448 quaerendi,
623 1363 679 1430 sed
706 1363 803 1444 plane
834 1363 994 1445 pendebat
1025 1365 1067 1430 ab
1100 1383 1153 1448 eo,
1185 1364 1339 1445 quierat

233 1469 351 1552 κύριος,
374 1483 515 1546 quaeque
542 1463 638 1547 plane
658 1463 767 1530 insons
789 1467 876 1545 erat,
897 1465 1041 1546 punitam
1063 1484 1140 1531 esse.
1184 1467 1339 1531 Fortasse

233 1573 339 1633 autem
372 1565 490 1632 obicias
517 1561 689 1632 verisimile
719 1581 788 1630 esse
816 1582 949 1645 poenam
978 1564 1118 1646 aliquam
1145 1563 1179 1632 in
1205 1569 1337 1647 tutores,

234 1666 288 1749 qui
308 1671 421 1732 eontra
442 1665 529 1748 leges
555 1683 625 1734 eum
647 1663 904 1746 despondissent,
934 1668 1090 1731 statutam
1111 1683 1191 1732 esse.
1233 1664 1338 1750 Quam

233 1765 425 1833 sententiam
438 1784 549 1832 veram
571 1781 641 1834 esse
661 1764 757 1847 plane
778 1765 923 1847 concedo,
945 1770 982 1831 at
1001 1785 1064 1831 non
1087 1771 1157 1834 erat
1179 1785 1257 1848 opus
1271 1767 1339 1832 tale

232 1872 436 1950 praeceptum
457 1867 517 1931 hoo
537 1866 606 1933 loeo
627 1865 752 1931 laudari
772 1884 875 1945 neque
896 1865 970 1931 huie
990 1866 1055 1950 legi
1076 1867 1235 1951 adjectum
1258 1887 1337 1950 esse,

232 1967 288 2034 sed
308 1966 342 2032 in
363 1965 492 2048 propria
512 1965 585 2049 lege
606 1965 758 2047 seriptum
781 1969 862 2046 erat,
884 1971 982 2048 atque
1001 1966 1035 2032 in
1057 1985 1095 2032 ea
1110 1965 1236 2048 quidem
1257 1967 1337 2051 lege,

233 2067 322 2151 eujus
344 2067 385 2133 de
405 2067 511 2133 altera
531 2069 625 2148 parte
646 2083 730 2131 nuno
751 2064 951 2133 disseremus.

316 2349 470 2433 Legimus
493 2349 575 2416 enim
596 2349 629 2416 in
651 2338 803 2416 orationis
826 2347 846 2436 ξ
868 2357 907 2416 69
930 2353 1013 2418 hano
1033 2351 1216 2418 formulam:

358 2465 423 2529 Ἐὰν
455 2465 491 2531 δέ
516 2489 560 2542 τις
589 2466 699 2552 ἐκδιδῷ
730 2467 817 2554 ξένην
848 2473 970 2550 γυναῖκα
1002 2468 1089 2553 ἀνδρὶ
1120 2467 1263 2557 Ἀθηναίῳ
1296 2470 1341 2545 ὡς

360 2567 463 2652 ἑαυτῷ
490 2567 713 2652 προσήκουσαν,
746 2567 853 2652 ἄτιμος
882 2567 976 2644 ἔστω,
1005 2570 1094 2656 καὶὴ
1126 2568 1212 2632 οὐσία
1244 2570 1337 2634 αὐτοῦ

359 2666 487 2754 δημοσία
530 2665 623 2744 ἔστω,
666 2669 714 2732 καὶ
757 2671 809 2731 τοῦ
852 2668 976 2738 ἑλόντος
1017 2671 1050 2732 τὸ
1095 2668 1192 2754 τρίταν
1232 2669 1336 2754 μέρος.

358 2766 543 2853 γραφέσθων
557 2767 593 2831 δὲ
608 2770 686 2852 πρὸς
707 2767 777 2844 τοὺς
797 2767 994 2853 θεσμοθέτας,
1017 2769 1064 2838 οἷς
1076 2767 1180 2843 ἔξεστι,
1197 2768 1338 2851 καθάπερ

359 2871 413 2955 τῆς
433 2866 536 2941 ξενίας.

315 3000 424 3083 Hujus
456 3000 613 3068 formulae
648 3007 871 3085 argumentum
902 3004 998 3086 plane
1033 3005 1204 3087 respondet
1230 3003 1338 3070 verbis

234 3101 380 3182 oratoriS,
395 3099 448 3182 qui
461 3101 592 3167 recitari
601 3100 695 3184 jubet
717 3102 818 3187 νόμον,
832 3101 902 3166 καθ’
925 3104 959 3166 ὃν
981 3103 1133 3188 ἐγράψατο
1155 3105 1172 3166 ὁ
1190 3102 1338 3187 Φράστωρ

235 3199 397 3287 Στέφανον
418 3202 498 3283 πρὸς
518 3199 588 3277 τοὺς
601 3200 797 3286 θεσμοθέτας,
811 3199 964 3288 Ἀθηναῖον
986 3201 1059 3266 ὄντα
1081 3202 1168 3289 ξένης
1187 3201 1338 3287 θυγατέρα

234 3301 324 3385 αὐτῷ
347 3300 483 3388 ἐγγυῆσαι
510 3300 556 3369 ὡς
578 3302 665 3385 αὐτῷ
691 3302 912 3389 προσήκουσαν.
956 3300 1049 3386 Quod
1073 3306 1181 3367 autem
1206 3301 1248 3366 ad
1275 3319 1338 3366 ser·

233 3419 358 3468 monem
378 3399 459 3482 legis
480 3399 607 3484 attinet,
628 3421 659 3468 v.
672 3401 831 3468 dEsius¹
852 3402 1070 3468 offendebatur
1080 3420 1158 3469 vooe
1181 3426 1225 3472 τις
1242 3407 1339 3484 atque

233 3502 370 3584 putabat
400 3499 583 3586 falsarium,
617 3521 688 3569 eum
720 3502 872 3569 orationis
897 3504 996 3571 verba
1027 3503 1060 3569 in
1092 3503 1172 3586 legis
1203 3503 1338 3570 formam

233 3601 406 3685 redigeret,
426 3601 534 3684 inepte
554 3603 653 3670 verba
674 3601 828 3691 Ἀθηναῖος
846 3603 889 3667 ὤν
911 3604 1098 3687 neglexisse.
1142 3604 1192 3670 At
1216 3624 1253 3670 er
1278 3605 1339 3670 hao

233 3720 311 3769 vooe
331 3701 517 3767 concludere
547 3703 707 3769 nonlicet
729 3703 935 3786 suppositam,
963 3705 1020 3770 sed
1045 3704 1078 3770 id
1107 3708 1253 3786 tantum,
1275 3724 1338 3770 non

232 3801 392 3885 integram
415 3821 485 3868 esse
505 3801 683 3869 formulam.
736 3804 822 3869 Puto
852 3803 935 3870 enirn
963 3805 1047 3870 hano
1072 3804 1241 3871 formulam
1269 3823 1339 3870 esse

233 3903 438 3982 posteriorem
459 3908 585 3985 partem
605 3904 696 3989 legis
718 3904 825 3987 priore
846 3910 953 3971 autem
974 3911 1076 3989 parte,
1098 3924 1180 3986 quae
1200 3905 1340 3972 fortasse
1374 3941 1376 3944 ·

233 4001 407 4085 incipiebat
427 4023 448 4069 a
466 4003 573 4070 Verbis
595 4003 658 4068 Ἐὰν
677 4004 736 4089 μὲν
757 4002 916 4092 Ἀθηναίων
940 4029 983 4081 τις
1002 4006 1113 4091 ἐκδιδῷ
1132 4007 1226 4094 α’στὴν
1249 4006 1335 4090 ξένῳ,

318 4206 326 4234 ¹
346 4203 379 4256 of.
397 4203 415 4258 l.
434 4203 452 4257 1.
469 4219 495 4270 p.
512 4203 554 4256 23.

1134 4273 1166 4325 3*
