3236 4924
797 318 837 376 26

269 511 355 576 hanc
387 510 494 594 legem
527 530 563 576 re
596 530 677 577 vera
709 513 849 578 Athenis
890 512 992 578 fuisse
1032 512 1251 594 compluribus
1285 514 1372 596 locis,
1405 569 1408 576 .

270 611 385 692 quibus
408 616 557 678 oratores
580 613 648 696 ejus
671 613 866 679 mentionem
888 613 1040 695 faciunt'
1062 616 1231 694 probatur.

353 711 445 795 Quod
467 719 696 795 argumentum
719 711 800 794 legis
823 713 954 796 attinet,
978 715 1005 778 T
1009 714 1197 797 halheimio,
1221 715 1277 796 qui
1304 716 1375 798 ipse

270 831 396 893 quoque
421 812 593 878 formulam
626 813 800 896 genuinam
834 817 972 897 censet,²
1003 815 1168 881 assentior
1200 817 1306 882 statui
1337 823 1375 882 ut

269 912 323 978 vel
343 912 419 979 vivo
441 912 561 978 marito
583 932 637 978 res
660 913 793 995 epicleri
815 913 880 979 filio
911 915 1103 998 tradantur,
1136 921 1243 981 mater
1264 923 1374 982 antem

270 1011 343 1093 ipsa
364 1013 398 1078 in
420 1013 527 1078 tutela
547 1013 660 1079 mariti
681 1020 821 1080 maneat.
866 1015 933 1080 Alii
962 1015 1091 1096 quidem
1112 1016 1177 1081 viri
1206 1015 1310 1098 docti,
1338 1023 1374 1082 ut

270 1111 310 1177 de
342 1112 569 1197 StegerenuS,³
595 1122 797 1200 putaverunt
825 1114 989 1197 epieleron
1017 1115 1052 1180 in
1077 1116 1216 1182 tutelam
1248 1135 1374 1198 quoque

269 1213 329 1278 filii
351 1214 426 1281 viro
458 1214 577 1282 marito
605 1215 764 1298 trausire3
798 1217 856 1282 sed
888 1218 949 1282 ime
982 1221 1193 1298 praeceptum
1225 1235 1262 1282 re
1294 1236 1375 1283 vera

270 1315 410 1380 Athenis
432 1315 535 1382 fnisse
556 1335 660 1398 neque
683 1336 741 1398 per
763 1335 798 1382 se
820 1315 997 1382 verisimile
1025 1323 1076 1382 est
1097 1335 1201 1397 ireque
1223 1317 1373 1384 hocloco

269 1415 336 1480 nlla
356 1434 435 1482 voce
458 1415 676 1500 significatur,
699 1436 770 1483 crum
793 1416 970 1498 explicatio
985 1416 1138 1498 aratoria,
1160 1436 1244 1498 quae
1259 1418 1374 1483 statim

270 1516 428 1599 seqnitur,
451 1517 545 1584 nubis
566 1518 687 1583 nullius
709 1516 865 1582 momenti
888 1535 960 1583 esse
982 1518 1110 1583 debeat.

352 1803 437 1867 Item
471 1801 504 1866 in
530 1820 663 1868 numeru
694 1802 803 1884 legum
833 1801 1107 1867 hereditariarnm
1140 1801 1292 1867 habenda
1323 1806 1375 1868 est

269 1904 351 1968 haec
373 1902 522 1984 formula,
545 1920 642 1983 quam
664 1907 777 1967 uratur
798 1901 832 1967 in
855 1899 873 1986 ξ
897 1901 937 1965 29
959 1900 1095 1966 recitari
1112 1902 1223 1984 jubet:

395 2021 534 2107 Κληροῦν
564 2020 599 2083 δὲ
627 2021 677 2083 τὸν
709 2019 845 2104 ἄρχοντα
874 2019 994 2106 κλήρων
1024 2021 1072 2082 καὶ
1100 2019 1277 2106 ἐπικλήρων,
1310 2021 1374 2082 ὅσοι

395 2122 449 2185 εἶσὶ
482 2125 583 2208 μῆνες,
620 2120 694 2207 πλὴν
738 2123 790 2183 τοῦ
833 2122 1089 2204 σκιροφοριῶνος·
1131 2118 1300 2182 ἀνεπίδικον
1339 2120 1374 2182 δὲ

394 2222 504 2310 κλῆρον
523 2223 567 2309 μὴ
591 2218 679 2305 ἔχειν.

352 2340 403 2404 De
436 2337 602 2420 scriptura
637 2339 731 2422 hujus
764 2336 847 2420 legis
879 2355 985 2420 pauca
1010 2334 1255 2418 praemittenda
1287 2343 1373 2402 sunt.

270 2438 364 2505 Libri
390 2437 508 2520 scripti
537 2438 630 2503 nobis
660 2442 821 2520 praebent
847 2438 956 2525 κλῆρον
993 2437 1066 2520 (ant
1096 2439 1145 2499 τον
1172 2434 1294 2523 κλῆρον)
1326 2439 1376 2500 καὶ

270 2540 455 2627 ἐπικλήρων,
489 2540 574 2621 qrrod
606 2539 730 2620 primus
763 2538 918 2604 Reiskius
950 2542 1042 2604 recte
1074 2536 1215 2602 mutavit
1248 2536 1281 2601 in
1316 2541 1375 2600 τῶν

271 2641 400 2728 κλήρων,
423 2639 488 2704 nisi
509 2640 593 2720 quod
616 2638 774 2704 articulus
797 2643 933 2721 propter
955 2656 1080 2719 vocem,
1107 2657 1189 2720 quae
1216 2637 1374 2720 sequitur,

269 2739 438 2825 ἐπικλήρων
468 2738 666 2804 omittendus
693 2746 753 2803 est.
808 2739 888 2802 Tum
921 2737 999 2802 libri
1031 2737 1064 2802 in
1099 2744 1246 2803 extrema
1279 2744 1375 2819 parte

269 2840 439 2905 habebant
460 2838 598 2913 ἐπίδικον,
621 2839 705 2920 qnod
728 2838 863 2904 Hieron.
886 2837 1022 2903 Wolfius
1054 2845 1144 2903 reete
1172 2837 1314 2904 mutavit
1341 2839 1375 2903 in

270 2939 447 3004 ἀνεπίδικον.
491 2939 640 3021 Denique
662 2958 759 3006 voces
783 2942 833 3002 τὸν
855 2938 990 3022 ἄρχοιτο
1012 2939 1112 3020 vulgo
1140 2958 1204 3004 nun
1231 2943 1374 3020 exstant,

270 3040 328 3105 sed
350 3059 390 3105 ex
411 3059 475 3106 nno
498 3039 607 3106 codiee
631 3041 755 3105 Veneto
779 3037 836 3124 (Q)
860 3059 880 3104 a
901 3037 982 3103 viria
1005 3039 1110 3104 doctis
1132 3038 1266 3104 additae
1288 3044 1376 3104 sunt.

270 3138 363 3222 Quod
396 3141 655 3206 additamentum
688 3159 759 3205 cum
792 3140 1012 3221 quaerendum
1045 3137 1106 3220 sit,
1143 3142 1253 3203 utrum
1285 3144 1376 3204 reete

256 3241 412 3322 'positum
445 3261 487 3306 an
517 3259 637 3307 vanum
670 3239 879 3324 grammatici
911 3239 1046 3323 alicujus
1080 3244 1292 3304 commentum
1321 3238 1375 3320 sit,

270 3359 355 3406 nunc
376 3342 416 3406 de
439 3346 509 3408 toto
530 3340 616 3425 legis
638 3343 834 3423 argumento
857 3338 1069 3420 disputemus.

353 3442 419 3506 Per
450 3460 486 3507 se
519 3441 619 3524 eninr,
653 3441 682 3507 si
715 3439 879 3505 omittitur
912 3439 1120 3506 accusativus
1154 3442 1204 3502 τὸν
1231 3439 1375 3525 ἄρχοιτο,

272 3543 403 3610 dubium
427 3563 499 3609 esse
520 3533 648 3626 potest,
679 3561 762 3624 qnae
790 3559 854 3606 vox
881 3539 1056 3622 cogitando
1086 3539 1235 3604 addenda
1261 3539 1305 3605 sit
1334 3539 1376 3605 ad

271 3646 406 3711 verbum
439 3645 587 3732 κληροῦν;
628 3645 670 3709 ad
704 3642 912 3708 adversarios
945 3642 1080 3707 verbum
1113 3640 1280 3723 pertinere
1312 3658 1376 3706 non

271 3751 398 3830 potest,
422 3764 494 3812 cum
516 3745 556 3810 de
578 3762 689 3809 eurum
712 3741 885 3809 sortitione
909 3741 1038 3807 dicatur
1060 3742 1296 3826 οιι1λοιρχάνειν
1318 3745 1376 3806 aut

357 3921 365 3947 ¹
384 3914 417 3967 cf.
436 3911 507 3966 Isaei
526 3917 593 3965 orat.
612 3913 629 3966 8
646 3911 662 3979 β
679 3912 726 3975 31·,
745 3915 812 3965 orat.
832 3910 864 3965 10
882 3909 898 3977 ξ
921 3911 957 3962 12,

354 3999 366 4028 2

355 3998 416 4136 ³3.
434 3996 491 4134 li'aln
507 3996 662 4147 pStelgeiiiil,
673 3999 705 4133 (121
728 4075 881 4132 conditione
899 4075 973 4131 cirili
992 4075 1152 4130 feminarum
1170 4075 1376 4132 Atheniensium

272 4165 416 4219 secundum
432 4162 502 4232 juris
521 4162 609 4217 Attici
625 4161 766 4232 principia.
785 4160 878 4215 Zwoll.
897 4162 963 4214 1839
980 4178 1006 4229 p.
1025 4159 1081 4216 102.
