3236 4924
784 370 824 428 28

251 564 354 644 esset,
388 581 447 643 per
480 582 516 628 se
549 582 613 628 non
635 562 811 629 verisimile
840 563 972 628 videtur
994 563 1214 630 Athenienses
1246 564 1352 646 legem

251 667 319 726 tam
333 661 492 727 incertam
508 661 571 728 sibi
586 662 753 730 statuisse.
798 665 910 745 Neque
923 668 961 729 ut
974 663 1210 744 posterioribus
1226 665 1350 730 demum

249 761 452 843 temporibus
480 764 561 829 haec
587 765 690 828 verba
717 763 831 828 addita
858 782 929 828 esse
956 765 1173 845 demonstret,
1202 763 1353 844 proferat

249 863 322 943 quis
344 864 452 944 paullo
473 863 562 928 inira
585 865 624 929 de
647 863 754 929 causis
777 863 988 929 hereditariis
1011 863 1129 930 civium
1152 869 1186 928 et
1207 864 1352 946 peregri-

249 981 362 1028 norum
385 964 459 1046 agi,
482 982 553 1028 cum
574 963 627 1029 lex
650 965 689 1029 de
712 962 853 1028 civium¹
873 963 966 1028 modo
994 963 1102 1028 causis
1130 962 1188 1042 sit;
1216 981 1291 1026 nam
1318 963 1352 1028 in

249 1065 355 1130 altera
374 1064 459 1147 legis
481 1069 578 1145 parte
601 1064 784 1144 expositum
806 1081 877 1129 esse
899 1063 1008 1145 potuit
1037 1062 1122 1128 idem
1145 1063 1184 1127 de
1206 1062 1353 1145 peregri·

248 1182 362 1245 norum
376 1162 617 1229 hereditatibus
629 1164 749 1229 valere.
793 1165 903 1245 Atque
913 1183 955 1228 nc
969 1163 1003 1229 id
1014 1163 1143 1245 quidem
1160 1163 1352 1228 concludere

249 1267 301 1328 est
331 1282 465 1329 necesse
497 1262 669 1328 formulam
697 1263 856 1329 traditam
888 1281 952 1329 non
985 1282 1057 1329 esse
1089 1263 1270 1344 integram,
1294 1263 1353 1328 sed

249 1363 385 1428 scribam
407 1363 543 1428 alteram
566 1382 688 1443 quoque
708 1367 832 1444 partem
864 1363 1037 1443 recitasse;
1068 1363 1119 1430 hic
1141 1362 1223 1428 enim
1246 1368 1353 1428 orator

248 1463 336 1536 nulla
357 1481 435 1530 voce
460 1462 636 1545 significat,
658 1461 691 1527 id
713 1461 795 1557 quod
823 1462 899 1527 alibi
929 1461 1055 1544 saepius
1080 1461 1177 1544 facit,
1199 1482 1234 1528 se
1260 1482 1352 1546 argu·

248 1568 388 1628 mentum
409 1563 490 1646 legis
511 1582 652 1629 narrare.

331 1898 397 1964 Sub
418 1899 512 1964 finem
535 1899 686 1967 orationis
708 1899 937 1980 Apollodorus
969 1906 1003 1964 ut
1030 1899 1208 1981 Stephano,
1238 1899 1351 1982 quippe

247 1998 301 2078 qui
328 1998 462 2084 insidias
488 1998 614 2081 fecerit,
642 2004 759 2065 metum
787 1999 939 2082 incutiat,
972 1999 1110 2064 scribam
1139 2000 1221 2066 hanc
1249 2001 1350 2082 legem

246 2098 383 2165 recitare
399 2099 504 2182 jubet:

371 2214 434 2279 Ἐοίν
465 2240 507 2292 τις
536 2215 704 2304 συνίστηται
737 2215 756 2303 ἢ
788 2217 973 2304 σονδεκιίζῃί
1006 2219 1066 2304 τὴν.
1091 2216 1206 2303 ἡλιαίαν
1239 2215 1257 2304 ἢ
1292 2222 1350 2280 τῶν

372 2316 570 2404 δικαστηρίων
598 2321 705 2380 τιτῶν
732 2315 923 2405 Ἀδήνκρινῆ
950 2319 1003 2403 τὴν
1024 2317 1154 2404 βουλήν,
1175 2316 1222 2380 ἐπί
1249 2317 1351 2401 διορο-

371 2416 458 2504 δοκίᾳ
473 2418 621 2504 χρήματα
643 2415 746 2492 διδοδς
765 2415 1002 2504 δ”δεχιίρενος
1024 2415 1043 2503 ἢ
1065 2416 1215 2501 ἑταιρείαν
1229 2419 1353 2503 συνιστῇ

371 2517 418 2580 ἐπί
450 2519 609 2581 καταλύσει
648 2522 701 2580 τοῦ
733 2517 845 2604 δῆμον,
879 2515 897 2604 ἢ
929 2518 1095 2604 συνήγορος
1129 2515 1173 2579 ὢν
1211 2515 1351 2604 λαρβιίνῃ

366 2617 514 2705 χρήματα
536 2617 583 2680 ἐπὶ
607 2623 671 2692 ταῖς
690 2615 785 2692 δίκαις
805 2621 869 2691 ταῖς
889 2615 975 2692 ἰδίαις
995 2615 1013 2704 ἢ
1042 2615 1205 2704 δημοσίαις,
1236 2616 1350 2680 τούτων

371 2717 446 2780 εἶναι
469 2717 523 2792 τὰς
541 2717 661 2802 γραφὰς
682 2719 760 2801 πρὸς
780 2716 850 2792 τοὺς
870 2715 1065 2798 δεσμοδέτας.

329 2866 401 2952 Qua
422 2866 454 2932 in
476 2868 669 2949 legensque
690 2870 801 2932 contra
828 2885 1001 2932 sermonem
1031 2886 1132 2948 neque
1162 2872 1272 2932 contra
1298 2885 1350 2933 res

245 2969 332 3051 ipsas
359 2968 529 3049 quidquam
559 2967 675 3032 dictum
706 2972 763 3032 est.
814 2967 867 3032 De
895 2986 1038 3033 sermone
1066 2968 1189 3033 dubitet
1214 2968 1351 3034 tortasse

246 3067 417 3151 quispiam,
455 3067 530 3148 quid
566 3067 744 3150 significent
782 3069 882 3134 verba
918 3066 1087 3155 συνίστηται
1119 3066 1138 3154 ἢ
1171 3069 1350 3156 σονδεκιίζῃ;

245 3170 432 3236 Heffterus³
463 3172 571 3250 putat,
593 3187 671 3235 voce
692 3191 745 3232 σον
758 3166 959 3250 -significari
992 3168 1031 3232 de
1057 3171 1124 3233 toto
1146 3168 1264 3252 judicio
1291 3169 1351 3234 hoc

244 3272 313 3337 loco
345 3269 415 3352 agi;
448 3269 504 3334 sed
535 3268 652 3334 rectius
683 3268 867 3337 Voemelius
896 3268 1006 3334 vertit:
1051 3267 1195 3350 „siquis
1223 3269 1350 3351 adjutor

243 3370 342 3436 fuerit
362 3369 608 3451 corrumpendae
628 3368 800 3434 heliaeae“:
823 3389 896 3434 nam
919 3369 995 3434 talis
1018 3368 1208 3451 significatio
1218 3369 1350 3451 saepius

244 3471 277 3537 in
306 3469 538 3552 praepositione
564 3493 635 3533 σον-
661 3469 754 3534 inest.
799 3469 878 3535 Oum
907 3479 1012 3535 autem
1042 3488 1144 3550 neque
1172 3470 1244 3536 aliis
1272 3471 1349 3536 locis

244 3576 498 3652 praeceptorum,
525 3589 606 3651 quae
632 3570 681 3636 his
712 3571 873 3636 contraria
903 3570 980 3651 sint,
1017 3570 1134 3635 mentio
1162 3572 1347 3652 fiatneque

244 3672 328 3738 inter
359 3671 439 3754 legis
471 3671 639 3736 formulam
672 3675 705 3736 et
725 3672 825 3737 verba
857 3670 1002 3752 oratorie,
1035 3690 1115 3751 quae
1147 3673 1349 3754 praecedunt,

329 3871 470 3926 ¹Nominc
497 3887 557 3925 cum
583 3869 702 3924 articulo
729 3870 872 3938 conjuncto
903 3871 957 3938 (τὸν
987 3871 1116 3944 ἄρχοιτο)
1145 3871 1246 3942 primus
1272 3871 1349 3925 modo

244 3956 344 4010 archon
361 3954 538 4024 significatur.

327 4043 338 4071 ¹
355 4037 516 4092 Rectissime
530 4037 587 4105 jam
605 4035 714 4090 Hieron.
733 4037 850 4091 Wolfius
875 4041 1017 4112 συνδεκάζῃ
1044 4043 1073 4092 ct
1094 4041 1182 4100 διδοὺς
1198 4041 1215 4110 ἦ
1242 4037 1350 4109 scripsit

243 4140 292 4194 pro
310 4122 407 4190 verbis,
427 4119 540 4189 quaein
559 4119 692 4174 codicibus
710 4125 827 4189 exstant,
845 4124 981 4196 σοιδικοίζρ
1000 4127 1029 4176 et
1046 4125 1180 4179 διδοῦσαν.

327 4209 338 4241 ⁸
356 4207 390 4262 cf.
408 4207 426 4260 l.
444 4206 462 4260 l.
480 4222 505 4273 p.
525 4205 581 4259 154.
