3236 4924
765 409 802 468 37

322 606 396 670 Has
418 607 485 670 tres
505 603 594 686 leges
615 602 648 669 in
670 605 731 670 hac
751 602 894 671 oratione
914 623 934 669 a
957 603 1063 670 scriba
1085 609 1193 670 orator
1213 603 1344 670 recitari

232 703 346 788 jussit3
369 708 480 770 contra
501 703 659 785 permulta
681 703 863 770 testimonia
877 702 1018 785 protulit,
1042 723 1172 785 quorum
1191 704 1345 772 formulas

236 823 339 887 paene
360 823 468 870 omnes
488 803 574 870 inter
594 803 731 871 oratoris
746 804 845 872 rerba
866 804 1005 870 insertas
1026 805 1209 887 reperimus.
1254 804 1344 890 Quas

237 904 279 971 ad
309 904 463 972 formulas
497 903 725 970 examinandas
751 923 834 970 nuno
870 904 1058 972 accedamus
1084 909 1181 987 atque
1209 905 1345 988 primum

236 1003 362 1087 qrddem
386 1004 585 1086 disputemus
608 1003 648 1070 de
669 1003 851 1070 testimonio
873 1003 891 1086 ἓ
914 1008 972 1069 3οε

366 1120 569 1204 Φιλόστρατος
588 1119 741 1184 Διονυσίου
765 1119 944 1209 Κολωνῆθεν
968 1124 1123 1206 μαρτυρεῖ
1150 1121 1261 1186 εἰδέναι
1284 1124 1345 1188 Νέ-

365 1245 455 1306 αιραν
478 1220 648 1310 Νικαρέτης
675 1219 782 1297 οὖσαν,
813 1221 911 1309 ἧσπερ
940 1222 988 1284 καὶ
1017 1221 1189 1304 Μετάνειρα
1218 1221 1344 1303 ἐγένετο,

361 1323 410 1386 καὶ
431 1320 612 1403 κατάγεσθαι
633 1319 705 1404 παρ’
729 1321 829 1405 αὑτῷ,
852 1321 904 1384 ὅτε
926 1320 970 1397 εἷς
997 1320 1032 1383 τὰ
1056 1320 1211 1408 μυστήρια
1233 1320 1345 1409 ἐπειλῆ-

357 1445 468 1510 μῳσαν,
497 1421 529 1484 ἐν
553 1419 693 1505 Κορίνθῳ
724 1420 875 1485 οἷκοῦσαι’
902 1425 1086 1509 καταστῆσαι
1115 1419 1150 1483 δὲ
1181 1420 1276 1497 αὐτὰς
1303 1422 1347 1498 ὡς

361 1523 455 1586 αὑτὸν
487 1521 607 1597 Λυσίαν,
650 1524 701 1585 τὸν
740 1521 890 1607 Κεφάλου,
923 1520 1007 1606 φίλον
1048 1519 1120 1585 ι’ίντα
1158 1521 1261 1606 ἑαυτῷ
1296 1525 1345 1586 καὶ

363 1623 540 1711 ἐπιτήδειον.

319 1755 390 1842 Quo
410 1755 445 1822 in
467 1755 647 1822 testimonio
669 1757 728 1822 lroc
746 1755 881 1838 primum
895 1754 1026 1821 offendit
1036 1756 1344 1837 Westermannum‚¹

238 1858 320 1937 quod
346 1876 410 1923 una
437 1861 561 1923 tantum
589 1876 665 1939 pars
693 1875 814 1938 eorum,
852 1875 933 1937 quae
961 1874 996 1921 se
1024 1855 1206 1922 testimonio
1232 1857 1344 1938 proba-

238 1963 343 2023 torum
366 1976 436 2024 esse
457 1957 646 2039 promiserat
660 1962 777 2039 orator,
792 1961 1098 2022 commemoraretur.
1142 1955 1222 2024 Cum
1236 1962 1343 2022 autem

238 2065 345 2124 orator
379 2058 459 2123 haec
491 2057 591 2123 verba
628 2056 841 2139 praemiserit:
886 2057 931 2125 ὡς
960 2054 1014 2120 οὖν
1048 2056 1147 2145 ἀληθῆ
1178 2056 1262 2139 λέγω,
1295 2058 1340 2120 ὅτι

238 2158 407 2247 Νικαρέτης
426 2156 461 2246 ἦν
492 2159 540 2222 καὶ
566 2157 726 2246 ἠκολούθει
755 2157 853 2245 ἐκείνῳ
881 2158 930 2222 καὶ
957 2156 1132 2241 ἐμισθάρνει
1160 2158 1205 2242 τῷ
1231 2157 1343 2239 βουλο-

235 2258 319 2342 μένῳ
342 2257 516 2334 ἀναλίσκειν,
540 2258 655 2322 τούτων
677 2258 744 2342 ὑμῖν
766 2256 858 2321 αὐτὸν
890 2259 940 2320 τὸν
971 2255 1172 2340 Φιλόστρατον
1197 2257 1342 2340 μάρτυρα

237 2359 337 2422 καλῶς
384 2359 464 2423 haec
484 2357 546 2424 viri
568 2356 742 2424 doctissimi
764 2355 892 2423 offensio
919 2376 982 2422 non
1011 2355 1072 2421 nisi
1094 2355 1135 2420 ad
1156 2356 1255 2421 verba
1277 2355 1343 2440 ἐμι-

236 2457 362 2541 σθάρνει
385 2460 428 2542 τῷ
447 2457 626 2542 βουλομένῳ
648 2457 813 2522 ἀναλίσκειν
834 2455 994 2538 pertinere
1014 2459 1130 2538 potest,
1183 2453 1231 2520 At
1257 2457 1341 2522 hanc

237 2576 304 2623 rem
331 2560 482 2639 quomodo
518 2559 623 2641 potuit
660 2558 892 2640 Philostratus
923 2557 977 2638 qui
1005 2561 1102 2623 antea
1131 2555 1256 2622 omnino
1282 2576 1345 2623 non

236 2664 371 2725 nouerat
391 2659 568 2742 Neaeram,
591 2645 726 2724 testari?
769 2659 885 2725 Nonne
912 2663 1018 2724 autem
1050 2677 1088 2723 ex
1119 2659 1180 2724 hac
1208 2677 1344 2741 unare,

236 2780 331 2842 quam
352 2765 493 2827 testatur
513 2758 749 2840 Philostratus
774 2759 935 2825 Neaeram
963 2777 1078 2840 corpus
1106 2776 1194 2823 suum
1223 2757 1343 2840 Lysiae

235 2861 430 2943 vendidisse,
460 2859 604 2926 concludi
633 2863 740 2941 potest
768 2858 850 2924 alias
879 2876 1002 2938 quoque
1023 2859 1183 2924 Neaeram
1213 2877 1343 2941 corpore

236 2961 408 3028 meruisse?

320 3080 361 3145 In
391 3078 504 3144 ceteris
531 3077 669 3144 formula
696 3095 767 3143 cum
796 3075 931 3142 oratoris
958 3075 1065 3142 verbis
1092 3074 1256 3157 convenit,
1287 3076 1343 3142 sed

237 3183 404 3261 praeterea
435 3179 468 3244 in
501 3177 681 3243 testimonio
715 3181 824 3242 exstat
854 3194 969 3241 nomen
999 3175 1104 3257 patris
1136 3175 1343 3240 Philostrati.

237 3279 324 3344 Aliis
356 3277 481 3359 quidem
512 3277 615 3358 locis²
636 3277 750 3358 quibus
778 3275 970 3342 Philostrati
1002 3275 1120 3341 mentio
1145 3275 1196 3358 fit,
1228 3293 1343 3341 nomen

239 3377 342 3462 patris
363 3398 426 3444 non
448 3377 626 3459 appositum
647 3381 714 3456 est3
737 3376 819 3457 quod
838 3381 942 3442 autem
959 3374 1162 3441 Boeckhius'
1182 3375 1345 3441 contendit

236 3478 428 3562 Dionysium
460 3479 591 3545 eundem
623 3476 656 3544 in
687 3476 895 3558 inscriptione
926 3477 1063 3557 quadam
1095 3474 1341 3558 commemorari,

235 3582 504 3647 Westermannus
525 3580 609 3645 hanc
624 3577 900 3645 sententiamnon
921 3575 969 3641 ita
991 3575 1204 3641 commendari
1224 3574 1342 3640 litteris

235 3680 451 3762 inscriptionis
486 3679 578 3745 nobis
614 3677 767 3759 servatiS,
803 3677 859 3742 sed
895 3675 991 3741 etiam
1027 3675 1129 3741 refelli
1165 3683 1342 3757 temporum

235 3781 412 3848 rationibus
447 3779 525 3846 mihi
560 3783 673 3861 aperto
708 3777 945 3843 demonstrasse
978 3775 1116 3842 videtur.
1173 3774 1224 3841 At
1258 3774 1341 3855 quod

236 3883 504 3949 Westermannus
536 3879 653 3947 statuit
682 3878 851 3946 falsarium
883 3877 1021 3958 aliquem
1053 3893 1167 3942 nomen
1193 3875 1343 3958 Dionysii

321 4085 330 4114 ¹
348 4082 382 4136 of.
400 4087 462 4136 acta
480 4097 532 4135 soe.
551 4080 623 4148 Lips.
642 4081 694 4135 vol.
714 4083 728 4133 1
747 4097 773 4149 p.
792 4079 843 4132 114
859 4093 898 4144 sq.

321 4167 331 4197 ¹
348 4166 381 4220 ct.
400 4165 540 4220 Demosth.
559 4180 589 4219 or
614 4165 645 4219 21
665 4163 680 4232 ξ
698 4164 744 4228 843
762 4163 790 4217 O.
808 4163 831 4216 1.
849 4161 882 4215 A.
900 4161 954 4215 vol.
972 4161 988 4214 2
1006 4165 1075 4228 part.
1093 4162 1110 4214 2
1128 4158 1172 4213 tit
1190 4159 1247 4214 803.

321 4248 382 4303 'ct
400 4247 518 4314 Boeolrh,
537 4247 569 4301 de
586 4245 678 4300 titulis
698 4244 839 4300 navalibus
856 4243 920 4298 Ath.
938 4260 964 4313 p.
984 4243 1041 4299 391.
