3236 4924
791 384 830 444 29

264 581 435 664 quidquam
484 580 632 663 intersit,
681 579 758 646 mihi
806 581 886 646 haec
932 579 1089 647 formula·
1117 578 1254 664 gemina
1301 598 1371 646 esse

263 683 416 750 videtur.¹

348 967 428 1034 Oum
454 968 558 1048 leges,
573 958 668 1047 'quas
697 966 758 1030 huc
785 985 884 1046 usque
915 965 1048 1047 protuli,
1077 965 1154 1030 mihi
1183 984 1290 1030 omnes
1318 985 1370 1048 ge-

263 1066 389 1146 nuinae,
422 1066 478 1131 sed
511 1084 551 1130 ex
583 1069 676 1146 parte
708 1070 876 1146 corruptae
910 1063 1000 1130 visae
1033 1065 1108 1146 sint,
1141 1084 1225 1130 nuno
1266 1065 1370 1147 dispu-

264 1167 394 1231 tandum
418 1171 467 1231 est
487 1167 527 1231 de
547 1165 737 1249 testimonio,
760 1166 843 1246 quod
865 1165 990 1246 quidem
1011 1164 1149 1230 maxime
1165 1165 1274 1231 dubito
1295 1185 1369 1231 num

264 1265 434 1348 genuinum
461 1265 512 1332 sit.

346 1383 436 1465 Lege
457 1383 539 1448 enirn
562 1401 643 1463 quae
665 1388 714 1448 est
736 1383 776 1447 de
796 1383 898 1448 tutela
912 1381 1101 1448 feminarum
1122 1382 1255 1448 laudata
1268 1384 1369 1465 Apol·

265 1483 393 1549 lodorus
414 1483 537 1566 pergit:
565 1483 638 1546 ἀλλά
657 1483 719 1570 μὴν
741 1483 786 1546 da
808 1483 866 1564 ἐμίν
885 1483 944 1566 μὲν
966 1483 1141 1571 ἀπεδήμουν
1164 1488 1369 1569 τριηραρχῶν,

270 1584 471 1671 τετελευτήκει
493 1582 521 1647 δ’
545 1586 562 1646 ί)
585 1584 686 1670 πατὴρ
709 1584 806 1657 πάλαι,
829 1583 881 1646 ὅτε
903 1581 993 1658 οὗτος
1013 1581 1120 1671 ἔγημε,
1144 1583 1197 1657 τὰς
1216 1582 1251 1645 δὲ
1273 1582 1369 1667 θερα-

266 1682 374 1758 παίνας
394 1684 486 1747 αὐτδν
507 1682 632 1770 ἐξῄτουν
654 1685 702 1747 καὶ
724 1682 823 1771 ἠξίουν
839 1685 907 1767 περὶ
922 1683 1016 1746 αὐτοῦ
1033 1683 1140 1747 τούτου
1154 1681 1369 1764 βασανίζεσθαι

263 1783 371 1858 αάτιίς,
400 1783 427 1846 εἷ
457 1781 538 1847 ταῦτ’
566 1781 665 1871 ἀληθῆ
692 1783 770 1858 ἐστι,
792 1784 840 1864 καί
866 1784 912 1852 ὡς
941 1783 1187 1871 παρεκαλυύμον,
1213 1783 1291 1866 λαβέ
1316 1808 1369 1868 μοι

264 1885 316 1972 τὴν
331 1883 510 1969 μαρτυρίαν.
555 1884 814 1965 Exspectandum
829 1881 928 1966 igitur
945 1887 996 1948 est
1009 1881 1042 1948 in
1056 1882 1235 1950 testimonio
1250 1883 1369 1949 dictum

263 2003 333 2050 esse
366 1989 399 2050 et
431 1985 471 2050 de
502 1989 643 2065 tempore
674 1983 857 2065 nuptiarum
890 1982 1090 2048 Phormionis
1122 1981 1370 2068 Archippaeque

263 2089 295 2149 et
329 2085 368 2150 de
400 2085 627 2167 provocatione
652 2084 849 2167 Apollodori.
903 2084 1053 2165 Sequitur
1085 2090 1190 2150 autem
1222 2083 1255 2150 iu
1287 2082 1369 2148 codi-

264 2185 352 2251 cibus
374 2186 453 2251 haec
474 2186 624 2251 formula:

389 2289 584 2387 ἀίαρτυροῦσι
625 2308 782 2387 παρεῖναι,
815 2303 867 2365 ὅτε
918 2302 1116 2386 προύκαλεῖτο
1148 2299 1372 2384 Ἀπολλόδωρος

388 2401 565 2487 Φορμίωνα,
599 2404 651 2465 ὅτε
673 2401 756 2490 ἠξίου
783 2402 950 2465 ἀποδοῦναι
977 2399 1200 2486 Ἀπολλόδωρος
1227 2400 1368 2485 Φορμίω-

388 2527 424 2566 να
449 2503 503 2572 τάς
522 2502 709 2588 θεραπαίνας
722 2503 768 2572 εἶτ
778 2501 930 2584 βάσανον,
952 2502 979 2565 εἰ
997 2502 1042 2590 μή
1064 2525 1136 2590 φησι
1160 2500 1299 2586 Φορμίων
1320 2503 1369 2565 καὶ

386 2604 538 2688 πρότερον
568 2602 783 2688 διεφθαρκέναι
813 2604 865 2690 riu
893 2602 1014 2690 μητέρα
1043 2604 1095 2690 τὴν
1124 2602 1208 2690 ἐμήν,
1236 2603 1304 2686 πρὶν
1331 2601 1367 2664 οὗ

385 2702 545 2788 ἀποφαίνει
586 2703 724 2788 Φορμίων
766 2709 855 2792 γῆμαι
891 2703 1111 2791 ἐγγυησάμενος
1152 2703 1245 2790 αὐτὴν
1282 2703 1367 2786 παρὰ

388 2803 553 2873 Πασίωνος.
579 2808 673 2868 ταῦτα
706 2805 740 2867 δὲ
774 2803 1020 2888 προκαλουμένου
1052 2802 1276 2888 Ἀπολλοδώρου
1312 2803 1367 2867 οὐκ

387 2904 517 2993 ἠθέλησε
541 2903 681 2989 Φορμίων
704 2905 893 2989 παραδοῦναι
917 2904 972 2972 τὰς
992 2903 1184 2988 θεραπαίνας.

344 3052 414 3137 Quo
447 3052 480 3118 in
514 3052 693 3119 testimonio
721 3054 1011 3118 Westermaunus²
1036 3054 1246 3136 compluribus
1272 3055 1366 3120 rebus

260 3154 429 3220 offenditur
449 3171 551 3233 neque
572 3152 678 3219 facere
698 3172 835 3235 possum,
859 3152 933 3234 quin
955 3154 1017 3218 hac
1044 3153 1078 3218 in
1100 3173 1135 3219 re
1156 3154 1225 3221 viro
1252 3154 1367 3220 doctis·

260 3253 337 3319 simo
360 3253 528 3319 assentiar.
570 3253 681 3333 Atque
702 3252 805 3334 prima
827 3252 951 3334 quidem
980 3253 1108 3319 offensio
1130 3259 1194 3338 est,
1222 3255 1305 3335 quod
1333 3255 1366 3320 in

260 3354 440 3421 testimonio
473 3373 514 3420 ne
548 3374 643 3420 unum
676 3354 800 3435 quidem
833 3357 965 3422 verbum
997 3355 1114 3420 dicitur
1149 3356 1189 3422 de
1224 3361 1367 3438 tempore

259 3455 453 3538 nuptiarum,
476 3475 667 3537 quamquam
699 3461 808 3522 orator
840 3455 967 3521 disertis
989 3457 1096 3524 verbis
1129 3477 1164 3524 se
1195 3456 1289 3539 hujus
1319 3457 1366 3523 rei

259 3556 472 3623 testimonium
494 3557 710 3639 praebiturum
736 3575 806 3622 esse
835 3556 1002 3638 promittit.
1057 3557 1179 3624 Oontra
1211 3557 1244 3624 in
1277 3558 1366 3624 testi-

258 3656 362 3723 monio
393 3656 511 3740 insunt,
545 3675 627 3738 quae
658 3675 697 3722 er
718 3655 825 3723 verbis
859 3656 995 3722 oratoris
1027 3657 1155 3725 minime
1188 3656 1367 3740 exspectari

258 3761 409 3840 possunt,
432 3757 648 3823 narrationem
670 3756 738 3822 dioo
761 3775 917 3839 amorum,
941 3776 1018 3837 quos
1036 3756 1104 3840 jam
1125 3757 1200 3825 vivo
1227 3757 1366 3824 Pusione

258 3856 343 3923 inter
368 3857 592 3924 Phormionem
623 3862 657 3923 et
687 3856 885 3939 Archippum
913 3856 1131 3924 intercessisse
1151 3858 1365 3940 Apollodorus

343 4063 351 4090 ¹
370 4058 405 4114 cf.
424 4058 457 4112 de
475 4058 524 4112 hac
541 4059 602 4126 lege
620 4057 702 4112 etiam
721 4057 813 4124 Meier,
837 4055 869 4111 dc
896 4057 974 4111 bonis
992 4057 1179 4112 damnatorum
1207 4075 1233 4126 p.
1252 4059 1309 4126 111,
1336 4062 1365 4111 et

258 4139 345 4194 licien
362 4147 392 4196 et
409 4141 581 4209 Schoemaun,
599 4142 616 4195 l.
634 4142 651 4196 1.
670 4157 695 4209 p.
714 4143 772 4196 351.

342 4224 403 4278 'ci
423 4229 485 4279 acta
503 4225 595 4280 societ.
614 4225 687 4295 Lips.
705 4241 728 4278 u.
748 4227 821 4280 1850.
839 4225 892 4279 vol.
910 4225 932 4278 Ι.
949 4241 974 4295 p.
995 4224 1051 4280 112.
