3236 4924
725 411 762 468 at

193 625 257 671 nou
286 607 335 673 ita
364 608 584 673 confirmatur.
638 606 718 695 Tum
748 605 815 687 jam
849 603 1069 668 Schaeferus'
1101 602 1186 668 uidit
1217 603 1300 668 haec

79 717 85 728 ·
193 708 296 773 uerba
319 712 455 789 propter
477 713 581 773 totam
603 712 803 772 structuram
826 705 913 768 nullo
937 703 1001 768 alio
1024 703 1117 768 modo
1148 703 1300 786 conjungi

193 827 289 889 posse
310 807 398 874 iuter
420 827 455 873 se
477 808 540 874 nisi
564 825 611 890 eo,
627 807 780 873 tituerha
802 805 855 867 ἐὰν
876 805 912 867 δὲ
931 806 977 891 μὴ
994 795 1015 890 ᾖ
1034 803 1241 884 pertinerent
1257 804 1299 868 ad

193 907 357 994 ἐπίκληρος.
404 908 552 988 Denique
575 913 665 973 recte
687 904 838 986 opposuit
850 903 1090 986 Schellingius²
1111 903 1193 969 illud
1214 905 1299 984 quod

194 1008 370 1090 explicatio
393 1007 575 1073 Reiskiana
597 1025 705 1073 secum
729 1005 842 1086 ferret,
866 1003 1012 1085 potuisse
1033 1005 1066 1069 iu
1082 1005 1175 1070 dorno
1191 1003 1299 1083 aliqua

193 1108 352 1175 neminem
374 1107 473 1173 alium
490 1112 622 1174 exstare
644 1105 708 1171 nisi
729 1124 825 1171 uriam
848 1103 958 1185 filiam,
981 1103 1110 1170 minime
1126 1105 1301 1171 convenire

194 1208 314 1274 ceteris
343 1207 507 1274 institutis
536 1207 675 1288 Atticis,
706 1206 764 1271 sod
790 1204 918 1287 legibus
948 1204 1113 1286 prouisum
1143 1223 1229 1287 esse,
1258 1224 1325 1270 ne.

194 1327 335 1390 unquam
373 1308 502 1374 deesset
538 1309 649 1386 heres3
687 1306 772 1388 quod
813 1324 853 1370 ne
885 1305 995 1388 fieret,
1035 1305 1205 1387 adoptatio
1241 1304 1300 1371 filii

194 1410 373 1494 permissa³
403 1415 437 1475 et
464 1411 676 1475 archontibus
704 1410 785 1473 haec
812 1426 891 1472 cura
918 1408 1030 1472 delata
1060 1413 1143 1472 erat.
1190 1405 1300 1488 Quare

194 1530 258 1576 non
279 1511 459 1592 putandum
488 1515 539 1576 est
565 1509 788 1594 legislatorem
815 1508 855 1574 de
881 1509 943 1573 hac
972 1527 1007 1573 re
1034 1507 1208 1589 quidquam
1234 1510 1300 1572 sta-

195 1611 308 1677 tuisse.
352 1610 435 1676 Tum
458 1610 589 1676 dubium
612 1629 683 1677 esse
710 1615 838 1692 potest,
868 1628 930 1690 quo
959 1609 1052 1673 modo
1077 1607 1300 1690 intellegenda

194 1709 239 1776 sit
262 1729 324 1776 uox
346 1711 502 1798 ἐπιτρέψῃ.
548 1709 640 1792 Quod
663 1708 818 1776 Reiskius
834 1708 938 1773 vertit
961 1707 1032 1793 „oui
1055 1726 1127 1772 sese
1148 1707 1206 1771 illa
1226 1707 1300 1789 ipsa

193 1811 411 1893 permiserit‚“
440 1811 474 1877 id
497 1811 636 1900 maxime
665 1809 829 1875 assentior
855 1807 1055 1890 Schellingio
1082 1809 1167 1873 hanc
1187 1825 1299 1873 vocem

194 1913 282 1977 nullo
310 1917 407 1993 pacto
436 1909 500 1976 nisi
526 1913 626 1976 verbo
656 1910 767 1997 ἑαυτήν
797 1909 950 1990 apposito
980 1907 1168 1991 significare
1194 1925 1298 1990 posse.

193 2011 391 2077 Platnerus⁴
428 2017 552 2095 autem,
590 2009 623 2076 in
655 2008 792 2091 reliquis
824 2011 923 2075 rebus
956 2007 1126 2074 Reishium
1158 2012 1299 2091 secutus

194 2116 292 2194 putat
321 2113 457 2178 verbum
485 2110 654 2195 ἐπιτρέπειν
681 2109 789 2192 potius
821 2107 1077 2192 intellegendum
1106 2125 1178 2172 esse
1206 2126 1300 2190 „con-

193 2212 330 2290 fidere“;
353 2212 410 2278 sed
429 2230 470 2276 ne
484 2211 566 2275 hoec
581 2208 710 2290 quidem
726 2207 924 2292 significatio
940 2212 1106 2273 oratorum
1123 2206 1299 2274 atticorum
1362 2271 1365 2276 .

194 2313 259 2378 ullo
295 2312 365 2377 loco
403 2310 588 2377 confirmari
621 2315 741 2391 potest.
799 2310 909 2389 Atque
941 2307 974 2373 in
1007 2306 1195 2376 universnm
1228 2325 1299 2373 cum

198 2411 397 2494 Schellingio
433 2409 610 2476 verisimile
646 2429 710 2474 non
747 2428 818 2475 esse
855 2408 1001 2474 arbitror
1043 2407 1172 2473 mulieri
1213 2408 1300 2491 apud

197 2511 414 2578 Athenienses
432 2513 486 2595 jus
509 2509 620 2575 mariti
642 2509 785 2592 eligendi
806 2507 967 2575 tributum
989 2525 1071 2575 esse.

279 2628 402 2694 Contra
424 2627 483 2693 alii
497 2625 561 2693 viri
582 2626 680 2708 docti,
703 2632 740 2692 ut
754 2625 907 2692 Petitus⁵
925 2633 959 2692 et
975 2626 1086 2693 Odofr.
1103 2626 1301 2693 Muellerus⁸

196 2736 230 2796 et
252 2729 362 2812 priore
383 2727 550 2795 sententia
572 2729 702 2812 abjecta
723 2727 822 2792 etiam
844 2726 1044 2793 Platnerus⁷
1065 2729 1169 2794 verba
1190 2728 1243 2792 ἐὰν
1264 2729 1299 2792 δὲ

193 2831 236 2916 μή
258 2829 461 2897 rettulerunt
476 2828 519 2894 ad
540 2827 706 2915 ἐπίκληρος,
729 2828 779 2893 ita
800 2832 838 2892 ut
859 2829 920 2892 hoc
942 2832 1031 2893 esset
1054 2832 1298 2911 argumentum:

196 2929 244 3010 „si
267 2931 362 3013 virgo
384 2930 544 3017 ἐπίκληρος
564 2933 625 3008 est,
647 2929 761 2994 nubito
784 2928 931 3010 proximo
954 2933 1089 3011 agnato,
1112 2927 1140 2994 si
1162 2947 1226 2994 non
1249 2935 1300 2995 est

195 3029 366 3118 ἐπίκληρος,
388 3030 436 3097 illi
456 3030 585 3111 habito,
614 3031 665 3095 cui
692 3028 859 3110 proximus
886 3033 1029 3111 agnatus
1056 3029 1301 3110 desponderit.“¹

278 3149 373 3213 Nunc
395 3152 469 3212 orta
492 3152 543 3212 est
558 3145 717 3229 quaestio,
741 3146 898 3227 quomodo
920 3145 954 3211 in
975 3164 1109 3210 numero
1125 3145 1299 3229 virginum,

196 3244 312 3326 quihus
336 3246 475 3327 proximi
497 3245 614 3330 agnati
642 3264 707 3310 nou
734 3249 880 3327 exstent,
909 3264 982 3310 esse
1008 3246 1113 3326 possit
1141 3265 1195 3327 ea,
1217 3265 1300 3327 quae

196 3365 259 3412 non
281 3346 326 3412 sit
347 3346 511 3434 ἐπίκληρος.
556 3347 627 3411 Ηοο
650 3355 685 3411 ut
714 3346 934 3428 explicarent,
963 3345 1027 3411 viri
1055 3346 1143 3412 docti
1170 3352 1299 3412 conten-

91 3469 96 3474 ·
196 3447 315 3512 derunt
341 3465 420 3512 voce
448 3445 607 3533 ἐπίκληρος
631 3444 813 3530 significari
839 3443 939 3511 filiam
967 3465 1107 3530 magnae
1133 3447 1182 3512 rei
1208 3445 1300 3512 fami·

195 3547 287 3613 liaris
310 3549 470 3628 heredem,
493 3547 551 3612 sed
574 3546 661 3611 nullo
683 3546 753 3610 loco
768 3547 850 3610 haec
865 3545 1063 3630 significatio
1079 3547 1299 3628 confirmatur,

281 3751 287 3778 ¹
306 3747 340 3801 cf.
359 3753 517 3815 apparatum
536 3745 596 3800 crit.
614 3746 649 3798 ad
666 3745 734 3799 hanc
753 3750 819 3798 orat.

278 3833 288 3861 ¹
308 3831 341 3884 ci.
360 3831 376 3884 l.
395 3832 412 3885 l.
430 3846 455 3898 p.
474 3832 514 3885 97.

278 3915 289 3945 ⁸
307 3913 340 3966 ci.
358 3913 429 3967 Isaei
447 3914 479 3967 de
497 3913 586 3983 Apoll.
605 3914 660 3968 her.
678 3913 694 3980 ξ
711 3915 758 3978 3ος
780 3914 812 3967 de
830 3913 898 3966 Phil.
918 3913 972 3967 her.
991 3913 1007 3980 ξ
1026 3915 1048 3967 5.

279 4000 289 4027 ⁴
307 3996 340 4050 cf.
359 3997 478 4063 Platner¹
498 3995 618 4064 symbola
636 3997 670 4050 ad
688 3996 828 4050 historiam
843 3997 913 4066 juris
930 3996 1018 4051 Attici
1035 4013 1063 4064 p.
1082 4000 1137 4051 118.

280 4080 340 4134 ⁵ci.
360 4080 377 4134 l.
396 4081 414 4134 l.
432 4098 457 4150 p.
476 4081 533 4134 534.

159 4147 167 4162 ’
280 4165 341 4218 'ot
358 4163 437 4218 indic.
457 4164 541 4218 litter.
560 4163 685 4232 Gotting.
705 4179 729 4216 a.
748 4164 810 4218 1821
829 4179 855 4230 p.
875 4163 948 4217 1178.

281 4250 290 4279 ²
308 4247 341 4302 of.
361 4248 393 4302 de
410 4245 450 4301 lit
470 4251 499 4301 et
516 4252 568 4302 act.
586 4247 639 4301 vol.
656 4249 673 4300 2
689 4263 715 4314 p.
733 4247 791 4300 253.
