<?xml version="1.0" encoding="UTF-8"?>
<!DOCTYPE html PUBLIC "-//W3C//DTD XHTML 1.0 Transitional//EN"
    "http://www.w3.org/TR/xhtml1/DTD/xhtml1-transitional.dtd">
<html xmlns="http://www.w3.org/1999/xhtml" xml:lang="en" lang="en">
 <head>
  <title>
</title>
<meta http-equiv="Content-Type" content="text/html;charset=utf-8" />
  <meta name='ocr-system' content='tesseract 3.04.00' />
  <meta name='ocr-capabilities' content='ocr_page ocr_carea ocr_par ocr_line ocrx_word'/>
</head>
<body>
  <div class='ocr_page' id='page_1' title='image "./delitisinstrume00staegoog_0044.png"; bbox 0 0 3236 4924; ppageno 0'>
   <div class='ocr_carea' id='block_1_1' title="bbox 770 372 808 431">
    <p class='ocr_par' dir='ltr' id='par_1_1' title="bbox 770 372 808 431">
     <span class='ocr_line' id='line_1_1' title="bbox 770 372 808 431; baseline -0.026 0"><span class='ocrx_word' id='word_1_1' title='bbox 770 372 808 431; x_wconf 82' lang='lat'>39</span> 
     </span>
    </p>
   </div>
   <div class='ocr_carea' id='block_1_2' title="bbox 237 560 1414 2166">
    <p class='ocr_par' dir='ltr' id='par_1_2' title="bbox 366 560 1414 1052">
     <span class='ocr_line' id='line_1_2' title="bbox 366 560 1348 655; baseline 0.003 -27"><span class='ocrx_word' id='word_1_2' title='bbox 366 560 530 649; x_wconf 66' lang='grc' dir='ltr'><em>Ἵππαρχος</em></span> <span class='ocrx_word' id='word_1_3' title='bbox 558 563 717 649; x_wconf 69' lang='grc' dir='ltr'><em>Ἀθμονεὺς</em></span> <span class='ocrx_word' id='word_1_4' title='bbox 744 572 899 651; x_wconf 84' lang='grc' dir='ltr'><em>μαρτυρεῖ</em></span> <span class='ocrx_word' id='word_1_5' title='bbox 936 567 1130 655; x_wconf 76' lang='grc' dir='ltr'><em>Ξενοκλείδην</em></span> <span class='ocrx_word' id='word_1_6' title='bbox 1171 571 1218 631; x_wconf 82' lang='grc' dir='ltr'>καὶ</span> <span class='ocrx_word' id='word_1_7' title='bbox 1256 570 1348 632; x_wconf 83' lang='grc' dir='ltr'><em>αὑτὸν</em></span> 
     </span>
     <span class='ocr_line' id='line_1_3' title="bbox 366 664 1414 756; baseline 0.007 -30"><span class='ocrx_word' id='word_1_8' title='bbox 366 664 580 749; x_wconf 65' lang='grc' dir='ltr'><em>μισθώσασθαι</em></span> <span class='ocrx_word' id='word_1_9' title='bbox 603 665 736 750; x_wconf 81' lang='grc' dir='ltr'><em>Νέαιραν</em></span> <span class='ocrx_word' id='word_1_10' title='bbox 758 665 790 728; x_wconf 83' lang='grc' dir='ltr'>ἐν</span> <span class='ocrx_word' id='word_1_11' title='bbox 810 666 949 752; x_wconf 91' lang='grc' dir='ltr'><em>Κορίνθῳ</em></span> <span class='ocrx_word' id='word_1_12' title='bbox 974 669 1026 754; x_wconf 76' lang='grc' dir='ltr'>τὴν</span> <span class='ocrx_word' id='word_1_13' title='bbox 1049 671 1100 731; x_wconf 82' lang='grc' dir='ltr'>νῦν</span> <span class='ocrx_word' id='word_1_14' title='bbox 1123 669 1348 756; x_wconf 69' lang='grc' dir='ltr'><em>ἀγωνιζομένην,</em></span> <span class='ocrx_word' id='word_1_15' title='bbox 1412 741 1414 746; x_wconf 50' lang='grc'><em>,</em></span> 
     </span>
     <span class='ocr_line' id='line_1_4' title="bbox 368 763 1348 852; baseline 0.006 -26"><span class='ocrx_word' id='word_1_16' title='bbox 368 767 412 840; x_wconf 82' lang='grc' dir='ltr'>ὡς</span> <span class='ocrx_word' id='word_1_17' title='bbox 446 764 568 848; x_wconf 84' lang='grc' dir='ltr'><em>ἑταίραν</em></span> <span class='ocrx_word' id='word_1_18' title='bbox 604 763 696 828; x_wconf 83' lang='grc' dir='ltr'><em>οὖσαν</em></span> <span class='ocrx_word' id='word_1_19' title='bbox 735 770 793 828; x_wconf 83' lang='grc' dir='ltr'>τῶν</span> <span class='ocrx_word' id='word_1_20' title='bbox 826 766 1078 851; x_wconf 83' lang='grc' dir='ltr'><em>μισθαρνουσῶν,</em></span> <span class='ocrx_word' id='word_1_21' title='bbox 1113 770 1162 830; x_wconf 81' lang='grc' dir='ltr'>καί</span> <span class='ocrx_word' id='word_1_22' title='bbox 1196 767 1348 852; x_wconf 80' lang='grc' dir='ltr'><em>συμπίνειν</em></span> 
     </span>
     <span class='ocr_line' id='line_1_5' title="bbox 367 863 1347 950; baseline 0.004 -23"><span class='ocrx_word' id='word_1_23' title='bbox 367 865 398 927; x_wconf 83' lang='grc' dir='ltr'>ἐν</span> <span class='ocrx_word' id='word_1_24' title='bbox 429 863 569 950; x_wconf 91' lang='grc' dir='ltr'><em>Κορίνθῳ</em></span> <span class='ocrx_word' id='word_1_25' title='bbox 601 866 733 950; x_wconf 83' lang='grc' dir='ltr'><em>Νέαιραν</em></span> <span class='ocrx_word' id='word_1_26' title='bbox 757 864 829 949; x_wconf 88' lang='grc' dir='ltr'><em>μεθ’</em></span> <span class='ocrx_word' id='word_1_27' title='bbox 857 868 951 930; x_wconf 81' lang='grc' dir='ltr'><em>αὑτοῦ</em></span> <span class='ocrx_word' id='word_1_28' title='bbox 987 869 1035 930; x_wconf 79' lang='grc' dir='ltr'>καί</span> <span class='ocrx_word' id='word_1_29' title='bbox 1065 865 1260 930; x_wconf 87' lang='grc' dir='ltr'><em>Ξενοκλείδου</em></span> <span class='ocrx_word' id='word_1_30' title='bbox 1295 871 1347 931; x_wconf 83' lang='grc' dir='ltr'>τοῦ</span> 
     </span>
     <span class='ocr_line' id='line_1_6' title="bbox 368 968 503 1052; baseline 0 -25"><span class='ocrx_word' id='word_1_31' title='bbox 368 968 503 1052; x_wconf 81' lang='grc' dir='ltr'><em>ποιητοῦ.</em></span> 
     </span>
    </p>

    <p class='ocr_par' dir='ltr' id='par_1_3' title="bbox 237 1081 1349 2166">
     <span class='ocr_line' id='line_1_7' title="bbox 324 1081 1348 1165; baseline 0.004 -20"><span class='ocrx_word' id='word_1_32' title='bbox 324 1081 516 1146; x_wconf 80' lang='lat' dir='ltr'>Testimonii</span> <span class='ocrx_word' id='word_1_33' title='bbox 538 1083 640 1148; x_wconf 88' lang='lat' dir='ltr'>verbe</span> <span class='ocrx_word' id='word_1_34' title='bbox 667 1082 787 1163; x_wconf 89' lang='lat' dir='ltr'>optime</span> <span class='ocrx_word' id='word_1_35' title='bbox 817 1084 1017 1164; x_wconf 87' lang='lat' dir='ltr'>respondent</span> <span class='ocrx_word' id='word_1_36' title='bbox 1039 1083 1102 1165; x_wconf 90' lang='lat' dir='ltr'>eis,</span> <span class='ocrx_word' id='word_1_37' title='bbox 1133 1102 1218 1164; x_wconf 90' lang='lat' dir='ltr'>quae</span> <span class='ocrx_word' id='word_1_38' title='bbox 1248 1091 1348 1150; x_wconf 88' lang='lat' dir='ltr'>antea</span> 
     </span>
     <span class='ocr_line' id='line_1_8' title="bbox 241 1181 1349 1263; baseline 0.006 -19"><span class='ocrx_word' id='word_1_39' title='bbox 241 1187 355 1246; x_wconf 86' lang='lat' dir='ltr'>orator</span> <span class='ocrx_word' id='word_1_40' title='bbox 377 1181 520 1260; x_wconf 89' lang='lat' dir='ltr'>fecerat;</span> <span class='ocrx_word' id='word_1_41' title='bbox 544 1185 720 1263; x_wconf 86' lang='lat' dir='ltr'>praeterea</span> <span class='ocrx_word' id='word_1_42' title='bbox 743 1186 851 1247; x_wconf 89' lang='lat' dir='ltr'>autem</span> <span class='ocrx_word' id='word_1_43' title='bbox 874 1183 908 1247; x_wconf 91' lang='lat' dir='ltr'>in</span> <span class='ocrx_word' id='word_1_44' title='bbox 930 1182 1070 1248; x_wconf 87' lang='lat' dir='ltr'>formula</span> <span class='ocrx_word' id='word_1_45' title='bbox 1092 1187 1221 1248; x_wconf 87' lang='lat' dir='ltr'>tanturn</span> <span class='ocrx_word' id='word_1_46' title='bbox 1236 1189 1349 1251; x_wconf 86' lang='lat' dir='ltr'>exstat</span> 
     </span>
     <span class='ocr_line' id='line_1_9' title="bbox 240 1282 1347 1374; baseline 0.002 -28"><span class='ocrx_word' id='word_1_47' title='bbox 240 1301 355 1374; x_wconf 89' lang='lat' dir='ltr'>nornen</span> <span class='ocrx_word' id='word_1_48' title='bbox 378 1282 471 1364; x_wconf 77' lang='lat' dir='ltr'>pagi,</span> <span class='ocrx_word' id='word_1_49' title='bbox 495 1302 535 1347; x_wconf 84' lang='lat' dir='ltr'>ex</span> <span class='ocrx_word' id='word_1_50' title='bbox 557 1302 619 1363; x_wconf 90' lang='lat' dir='ltr'>quo</span> <span class='ocrx_word' id='word_1_51' title='bbox 642 1283 853 1365; x_wconf 83' lang='lat' dir='ltr'>Hipparchus</span> <span class='ocrx_word' id='word_1_52' title='bbox 883 1289 975 1349; x_wconf 90' lang='lat' dir='ltr'>ortus</span> <span class='ocrx_word' id='word_1_53' title='bbox 1008 1289 1091 1349; x_wconf 91' lang='lat' dir='ltr'>erat.</span> <span class='ocrx_word' id='word_1_54' title='bbox 1140 1283 1212 1366; x_wconf 83' lang='lat' dir='ltr'>Qua</span> <span class='ocrx_word' id='word_1_55' title='bbox 1240 1303 1282 1349; x_wconf 83' lang='lat' dir='ltr'>ex</span> <span class='ocrx_word' id='word_1_56' title='bbox 1310 1303 1347 1348; x_wconf 93' lang='lat' dir='ltr'>re</span> 
     </span>
     <span class='ocr_line' id='line_1_10' title="bbox 241 1382 1344 1468; baseline 0.002 -22"><span class='ocrx_word' id='word_1_57' title='bbox 241 1389 278 1446; x_wconf 92' lang='lat' dir='ltr'>ut</span> <span class='ocrx_word' id='word_1_58' title='bbox 310 1383 583 1449; x_wconf 88' lang='lat' dir='ltr'>Westermannus</span> <span class='ocrx_word' id='word_1_59' title='bbox 626 1382 799 1449; x_wconf 85' lang='lat' dir='ltr'>formulam</span> <span class='ocrx_word' id='word_1_60' title='bbox 842 1383 1017 1466; x_wconf 84' lang='lat' dir='ltr'>genuinam</span> <span class='ocrx_word' id='word_1_61' title='bbox 1054 1401 1125 1449; x_wconf 90' lang='lat' dir='ltr'>esse</span> <span class='ocrx_word' id='word_1_62' title='bbox 1161 1385 1344 1468; x_wconf 90' lang='lat' dir='ltr'>concludat,</span> 
     </span>
     <span class='ocr_line' id='line_1_11' title="bbox 241 1483 1346 1566; baseline 0.005 -20"><span class='ocrx_word' id='word_1_63' title='bbox 241 1486 369 1547; x_wconf 88' lang='lat' dir='ltr'>tantum</span> <span class='ocrx_word' id='word_1_64' title='bbox 392 1483 487 1548; x_wconf 87' lang='lat' dir='ltr'>abest</span> <span class='ocrx_word' id='word_1_65' title='bbox 509 1488 547 1549; x_wconf 91' lang='lat' dir='ltr'>ut</span> <span class='ocrx_word' id='word_1_66' title='bbox 569 1490 685 1549; x_wconf 90' lang='lat' dir='ltr'>contra</span> <span class='ocrx_word' id='word_1_67' title='bbox 707 1489 802 1566; x_wconf 88' lang='lat' dir='ltr'>putet</span> <span class='ocrx_word' id='word_1_68' title='bbox 825 1502 865 1549; x_wconf 86' lang='lat' dir='ltr'>ex</span> <span class='ocrx_word' id='word_1_69' title='bbox 876 1483 987 1549; x_wconf 90' lang='lat' dir='ltr'>verbis</span> <span class='ocrx_word' id='word_1_70' title='bbox 1003 1483 1161 1549; x_wconf 87' lang='lat' dir='ltr'>orationis</span> <span class='ocrx_word' id='word_1_71' title='bbox 1177 1503 1198 1549; x_wconf 87' lang='lat' dir='ltr'>a</span> <span class='ocrx_word' id='word_1_72' title='bbox 1212 1485 1346 1551; x_wconf 84' lang='lat' dir='ltr'>falsario</span> 
     </span>
     <span class='ocr_line' id='line_1_12' title="bbox 242 1582 1346 1666; baseline 0.005 -19"><span class='ocrx_word' id='word_1_73' title='bbox 242 1582 349 1663; x_wconf 86' lang='lat' dir='ltr'>aliquo</span> <span class='ocrx_word' id='word_1_74' title='bbox 376 1601 448 1648; x_wconf 87' lang='lat' dir='ltr'>eam</span> <span class='ocrx_word' id='word_1_75' title='bbox 478 1583 705 1665; x_wconf 81' lang='lat' dir='ltr'><strong>compositam,</strong></span> <span class='ocrx_word' id='word_1_76' title='bbox 735 1583 815 1666; x_wconf 84' lang='lat' dir='ltr'>pagi</span> <span class='ocrx_word' id='word_1_77' title='bbox 843 1587 953 1649; x_wconf 88' lang='lat' dir='ltr'>autem</span> <span class='ocrx_word' id='word_1_78' title='bbox 982 1602 1097 1648; x_wconf 90' lang='lat' dir='ltr'>nomen</span> <span class='ocrx_word' id='word_1_79' title='bbox 1123 1582 1233 1650; x_wconf 86' lang='lat' dir='ltr'>fictum</span> <span class='ocrx_word' id='word_1_80' title='bbox 1265 1604 1346 1652; x_wconf 89' lang='lat' dir='ltr'>esse.</span> 
     </span>
     <span class='ocr_line' id='line_1_13' title="bbox 241 1681 1347 1768; baseline 0.005 -22"><span class='ocrx_word' id='word_1_81' title='bbox 241 1685 287 1746; x_wconf 91' lang='lat' dir='ltr'>At</span> <span class='ocrx_word' id='word_1_82' title='bbox 308 1683 402 1766; x_wconf 88' lang='lat' dir='ltr'>hujus</span> <span class='ocrx_word' id='word_1_83' title='bbox 424 1681 688 1748; x_wconf 75' lang='lat' dir='ltr'>ratiocinationis</span> <span class='ocrx_word' id='word_1_84' title='bbox 710 1683 799 1748; x_wconf 89' lang='lat' dir='ltr'>nulla</span> <span class='ocrx_word' id='word_1_85' title='bbox 816 1685 908 1768; x_wconf 92' lang='lat' dir='ltr'>justa</span> <span class='ocrx_word' id='word_1_86' title='bbox 937 1702 1037 1750; x_wconf 87' lang='lat' dir='ltr'>causa</span> <span class='ocrx_word' id='word_1_87' title='bbox 1060 1690 1127 1766; x_wconf 87' lang='lat' dir='ltr'>est,</span> <span class='ocrx_word' id='word_1_88' title='bbox 1157 1683 1252 1751; x_wconf 90' lang='lat' dir='ltr'>immo</span> <span class='ocrx_word' id='word_1_89' title='bbox 1282 1685 1347 1752; x_wconf 89' lang='lat' dir='ltr'>nisi</span> 
     </span>
     <span class='ocr_line' id='line_1_14' title="bbox 241 1782 1345 1869; baseline 0.004 -23"><span class='ocrx_word' id='word_1_90' title='bbox 241 1782 465 1865; x_wconf 74' lang='lat' dir='ltr'>Hipparchum</span> <span class='ocrx_word' id='word_1_91' title='bbox 487 1801 551 1847; x_wconf 93' lang='lat' dir='ltr'>non</span> <span class='ocrx_word' id='word_1_92' title='bbox 573 1782 676 1848; x_wconf 88' lang='lat' dir='ltr'>fuisse</span> <span class='ocrx_word' id='word_1_93' title='bbox 698 1784 954 1850; x_wconf 87' lang='lat' dir='ltr'>Athmonensem</span> <span class='ocrx_word' id='word_1_94' title='bbox 984 1785 1203 1850; x_wconf 87' lang='lat' dir='ltr'>demonstrari</span> <span class='ocrx_word' id='word_1_95' title='bbox 1231 1786 1345 1869; x_wconf 89' lang='lat' dir='ltr'>possit,</span> 
     </span>
     <span class='ocr_line' id='line_1_15' title="bbox 240 1883 1347 1965; baseline 0.004 -18"><span class='ocrx_word' id='word_1_96' title='bbox 240 1885 301 1948; x_wconf 87' lang='lat' dir='ltr'>hoc</span> <span class='ocrx_word' id='word_1_97' title='bbox 322 1883 450 1949; x_wconf 90' lang='lat' dir='ltr'>nomine</span> <span class='ocrx_word' id='word_1_98' title='bbox 472 1883 623 1965; x_wconf 88' lang='lat' dir='ltr'>apposito</span> <span class='ocrx_word' id='word_1_99' title='bbox 646 1883 879 1949; x_wconf 86' lang='lat' dir='ltr'>auctoritatem</span> <span class='ocrx_word' id='word_1_100' title='bbox 906 1885 1083 1951; x_wconf 91' lang='lat' dir='ltr'>testimonii</span> <span class='ocrx_word' id='word_1_101' title='bbox 1112 1884 1251 1950; x_wconf 85' lang='lat' dir='ltr'>maxime</span> <span class='ocrx_word' id='word_1_102' title='bbox 1274 1905 1347 1951; x_wconf 92' lang='lat' dir='ltr'>con-</span> 
     </span>
     <span class='ocr_line' id='line_1_16' title="bbox 239 1983 1347 2067; baseline 0.004 -19"><span class='ocrx_word' id='word_1_103' title='bbox 239 1983 363 2048; x_wconf 87' lang='lat' dir='ltr'>firmari</span> <span class='ocrx_word' id='word_1_104' title='bbox 386 1983 553 2061; x_wconf 81' lang='lat' dir='ltr'>existimo,</span> <span class='ocrx_word' id='word_1_105' title='bbox 577 1985 641 2050; x_wconf 88' lang='lat' dir='ltr'>etsi</span> <span class='ocrx_word' id='word_1_106' title='bbox 662 2003 778 2050; x_wconf 89' lang='lat' dir='ltr'>nornen</span> <span class='ocrx_word' id='word_1_107' title='bbox 809 1984 888 2050; x_wconf 87' lang='lat' dir='ltr'>alibi</span> <span class='ocrx_word' id='word_1_108' title='bbox 917 1990 976 2051; x_wconf 87' lang='lat' dir='ltr'>aut</span> <span class='ocrx_word' id='word_1_109' title='bbox 1002 1985 1090 2067; x_wconf 87' lang='lat' dir='ltr'>apud</span> <span class='ocrx_word' id='word_1_110' title='bbox 1111 1988 1261 2052; x_wconf 88' lang='lat' dir='ltr'>oratores</span> <span class='ocrx_word' id='word_1_111' title='bbox 1288 1992 1347 2052; x_wconf 88' lang='lat' dir='ltr'>aut</span> 
     </span>
     <span class='ocr_line' id='line_1_17' title="bbox 237 2082 968 2166; baseline 0.001 -18"><span class='ocrx_word' id='word_1_112' title='bbox 237 2082 272 2148; x_wconf 91' lang='lat' dir='ltr'>in</span> <span class='ocrx_word' id='word_1_113' title='bbox 293 2083 564 2166; x_wconf 83' lang='lat' dir='ltr'>inscriptionibus</span> <span class='ocrx_word' id='word_1_114' title='bbox 586 2103 650 2148; x_wconf 93' lang='lat' dir='ltr'>non</span> <span class='ocrx_word' id='word_1_115' title='bbox 673 2090 806 2150; x_wconf 86' lang='lat' dir='ltr'>exstare</span> <span class='ocrx_word' id='word_1_116' title='bbox 826 2083 968 2150; x_wconf 89' lang='lat' dir='ltr'>videtur.</span> 
     </span>
    </p>
   </div>
   <div class='ocr_carea' id='block_1_3' title="bbox 239 2334 1405 3037">
    <p class='ocr_par' dir='ltr' id='par_1_4' title="bbox 239 2334 1405 2417">
     <span class='ocr_line' id='line_1_18' title="bbox 239 2334 1405 2417; baseline 0 -17"><span class='ocrx_word' id='word_1_117' title='bbox 239 2337 243 2342; x_wconf 87' lang='lat'>&#39;</span> <span class='ocrx_word' id='word_1_118' title='bbox 321 2335 452 2400; x_wconf 82' lang='lat' dir='ltr'>Neaera</span> <span class='ocrx_word' id='word_1_119' title='bbox 480 2339 652 2416; x_wconf 79' lang='lat' dir='ltr'>postquam</span> <span class='ocrx_word' id='word_1_120' title='bbox 675 2335 744 2417; x_wconf 89' lang='lat' dir='ltr'>jem</span> <span class='ocrx_word' id='word_1_121' title='bbox 773 2353 844 2399; x_wconf 89' lang='lat' dir='ltr'>curn</span> <span class='ocrx_word' id='word_1_122' title='bbox 872 2334 983 2400; x_wconf 91' lang='lat' dir='ltr'>multis</span> <span class='ocrx_word' id='word_1_123' title='bbox 1009 2334 1090 2400; x_wconf 90' lang='lat' dir='ltr'>viris</span> <span class='ocrx_word' id='word_1_124' title='bbox 1117 2353 1186 2400; x_wconf 87' lang='lat' dir='ltr'>rem</span> <span class='ocrx_word' id='word_1_125' title='bbox 1213 2335 1340 2416; x_wconf 82' lang='lat' dir='ltr'>habuit,</span> <span class='ocrx_word' id='word_1_126' title='bbox 1402 2361 1405 2368; x_wconf 62' lang='lat'><strong><em>¹</em></strong></span> 
     </span>
    </p>

    <p class='ocr_par' dir='ltr' id='par_1_5' title="bbox 245 2433 1347 3037">
     <span class='ocr_line' id='line_1_19' title="bbox 245 2433 1340 2519; baseline 0.002 -21"><span class='ocrx_word' id='word_1_127' title='bbox 245 2440 331 2498; x_wconf 88' lang='lat' dir='ltr'>emta</span> <span class='ocrx_word' id='word_1_128' title='bbox 347 2438 419 2498; x_wconf 91' lang='lat' dir='ltr'>erat</span> <span class='ocrx_word' id='word_1_129' title='bbox 435 2453 454 2499; x_wconf 87' lang='lat' dir='ltr'>a</span> <span class='ocrx_word' id='word_1_130' title='bbox 468 2434 665 2517; x_wconf 88' lang='lat' dir='ltr'>Phrynione,</span> <span class='ocrx_word' id='word_1_131' title='bbox 681 2434 715 2498; x_wconf 89' lang='lat' dir='ltr'>id</span> <span class='ocrx_word' id='word_1_132' title='bbox 730 2433 815 2519; x_wconf 91' lang='lat' dir='ltr'>quod</span> <span class='ocrx_word' id='word_1_133' title='bbox 831 2433 1042 2499; x_wconf 89' lang='lat' dir='ltr'>confirmatur</span> <span class='ocrx_word' id='word_1_134' title='bbox 1057 2434 1243 2500; x_wconf 86' lang='lat' dir='ltr'>testimonio</span> <span class='ocrx_word' id='word_1_135' title='bbox 1259 2436 1340 2518; x_wconf 72' lang='lat'>§422</span> 
     </span>
     <span class='ocr_line' id='line_1_20' title="bbox 367 2550 1345 2636; baseline 0.002 -22"><span class='ocrx_word' id='word_1_136' title='bbox 367 2550 508 2634; x_wconf 83' lang='grc' dir='ltr'><em>(θίλαγρος</em></span> <span class='ocrx_word' id='word_1_137' title='bbox 534 2551 680 2626; x_wconf 83' lang='grc' dir='ltr'><em>Νελιτεὺς</em></span> <span class='ocrx_word' id='word_1_138' title='bbox 703 2556 857 2635; x_wconf 82' lang='grc' dir='ltr'><em>μαρτυρεῖ</em></span> <span class='ocrx_word' id='word_1_139' title='bbox 883 2555 1023 2636; x_wconf 76' lang='grc' dir='ltr'><em>παρεῖναι</em></span> <span class='ocrx_word' id='word_1_140' title='bbox 1052 2552 1083 2614; x_wconf 83' lang='grc' dir='ltr'>ἐν</span> <span class='ocrx_word' id='word_1_141' title='bbox 1111 2551 1261 2636; x_wconf 77' lang='grc' dir='ltr'><em>Κορίνθῳ,</em></span> <span class='ocrx_word' id='word_1_142' title='bbox 1291 2555 1345 2616; x_wconf 86' lang='grc' dir='ltr'>θτε</span> 
     </span>
     <span class='ocr_line' id='line_1_21' title="bbox 365 2649 1347 2736; baseline 0.002 -23"><span class='ocrx_word' id='word_1_143' title='bbox 365 2651 499 2734; x_wconf 76' lang='grc' dir='ltr'><em>Φρυνίων</em></span> <span class='ocrx_word' id='word_1_144' title='bbox 527 2654 543 2713; x_wconf 79' lang='grc' dir='ltr'><strong>ὁ</strong></span> <span class='ocrx_word' id='word_1_145' title='bbox 572 2651 775 2736; x_wconf 75' lang='grc' dir='ltr'><em>Δημοχάρους</em></span> <span class='ocrx_word' id='word_1_146' title='bbox 805 2651 940 2735; x_wconf 81' lang='grc' dir='ltr'><em>ἀδελφὸς</em></span> <span class='ocrx_word' id='word_1_147' title='bbox 970 2649 1118 2714; x_wconf 82' lang='grc' dir='ltr'><em>κατετίθει</em></span> <span class='ocrx_word' id='word_1_148' title='bbox 1145 2651 1236 2716; x_wconf 87' lang='grc' dir='ltr'><em>είκοσι</em></span> <span class='ocrx_word' id='word_1_149' title='bbox 1267 2658 1347 2736; x_wconf 82' lang='grc' dir='ltr'><em>μνᾶς</em></span> 
     </span>
     <span class='ocr_line' id='line_1_22' title="bbox 367 2749 1345 2838; baseline 0.003 -26"><span class='ocrx_word' id='word_1_150' title='bbox 367 2750 501 2835; x_wconf 79' lang='grc' dir='ltr'><em>Νεαίρας</em></span> <span class='ocrx_word' id='word_1_151' title='bbox 521 2757 575 2838; x_wconf 74' lang='grc' dir='ltr'>τῆς</span> <span class='ocrx_word' id='word_1_152' title='bbox 595 2755 645 2813; x_wconf 82' lang='grc' dir='ltr'>νῦν</span> <span class='ocrx_word' id='word_1_153' title='bbox 668 2749 889 2837; x_wconf 66' lang='grc' dir='ltr'><em>ἀγωνιζομένης</em></span> <span class='ocrx_word' id='word_1_154' title='bbox 916 2750 1096 2838; x_wconf 76' lang='grc' dir='ltr'><em>Τιμανορίδᾳ</em></span> <span class='ocrx_word' id='word_1_155' title='bbox 1130 2753 1174 2836; x_wconf 82' lang='grc' dir='ltr'>τῷ</span> <span class='ocrx_word' id='word_1_156' title='bbox 1194 2751 1345 2836; x_wconf 90' lang='grc' dir='ltr'><em>Κορινθίῳ</em></span> 
     </span>
     <span class='ocr_line' id='line_1_23' title="bbox 360 2848 1346 2936; baseline 0.003 -24"><span class='ocrx_word' id='word_1_157' title='bbox 360 2851 408 2913; x_wconf 80' lang='grc' dir='ltr'>καί</span> <span class='ocrx_word' id='word_1_158' title='bbox 441 2851 587 2934; x_wconf 77' lang='grc' dir='ltr'><em>Εὐκράτει</em></span> <span class='ocrx_word' id='word_1_159' title='bbox 619 2852 662 2934; x_wconf 80' lang='grc' dir='ltr'>τῷ</span> <span class='ocrx_word' id='word_1_160' title='bbox 692 2848 865 2932; x_wconf 86' lang='grc' dir='ltr'><em>Λευκαδίῳ·</em></span> <span class='ocrx_word' id='word_1_161' title='bbox 894 2852 942 2913; x_wconf 82' lang='grc' dir='ltr'>καὶ</span> <span class='ocrx_word' id='word_1_162' title='bbox 968 2849 1111 2919; x_wconf 78' lang='grc' dir='ltr'><em>καταθείς</em></span> <span class='ocrx_word' id='word_1_163' title='bbox 1133 2853 1173 2914; x_wconf 83' lang='grc' dir='ltr'>’τδ</span> <span class='ocrx_word' id='word_1_164' title='bbox 1203 2853 1346 2936; x_wconf 83' lang='grc' dir='ltr'><em>ἀργύριον</em></span> 
     </span>
     <span class='ocr_line' id='line_1_24' title="bbox 365 2947 938 3037; baseline -0.002 -24"><span class='ocrx_word' id='word_1_165' title='bbox 365 2947 467 3036; x_wconf 74' lang='grc' dir='ltr'><em>η’ίγετο</em></span> <span class='ocrx_word' id='word_1_166' title='bbox 490 2952 613 3032; x_wconf 84' lang='grc' dir='ltr'><em>ἀπάγων</em></span> <span class='ocrx_word' id='word_1_167' title='bbox 635 2947 774 3037; x_wconf 71' lang='grc' dir='ltr'><em>Ἀθήναζε</em></span> <span class='ocrx_word' id='word_1_168' title='bbox 797 2950 938 3034; x_wconf 87' lang='grc' dir='ltr'><em>Νέαιραν.</em></span> 
     </span>
    </p>
   </div>
   <div class='ocr_carea' id='block_1_4' title="bbox 233 3082 1372 4271">
    <p class='ocr_par' dir='ltr' id='par_1_6' title="bbox 233 3082 1372 4271">
     <span class='ocr_line' id='line_1_25' title="bbox 322 3082 1345 3164; baseline -0.002 -16"><span class='ocrx_word' id='word_1_169' title='bbox 322 3085 361 3148; x_wconf 91' lang='lat' dir='ltr'>In</span> <span class='ocrx_word' id='word_1_170' title='bbox 394 3085 456 3149; x_wconf 91' lang='lat' dir='ltr'>hoc</span> <span class='ocrx_word' id='word_1_171' title='bbox 485 3083 671 3149; x_wconf 88' lang='lat' dir='ltr'>testimonio</span> <span class='ocrx_word' id='word_1_172' title='bbox 705 3082 872 3164; x_wconf 90' lang='lat' dir='ltr'>complura</span> <span class='ocrx_word' id='word_1_173' title='bbox 904 3089 996 3164; x_wconf 88' lang='lat' dir='ltr'>sunt,</span> <span class='ocrx_word' id='word_1_174' title='bbox 1025 3102 1108 3164; x_wconf 90' lang='lat' dir='ltr'>quae</span> <span class='ocrx_word' id='word_1_175' title='bbox 1137 3082 1345 3150; x_wconf 87' lang='lat' dir='ltr'>offensionem</span> 
     </span>
     <span class='ocr_line' id='line_1_26' title="bbox 237 3180 1346 3266; baseline 0.003 -20"><span class='ocrx_word' id='word_1_176' title='bbox 237 3184 429 3263; x_wconf 90' lang='lat' dir='ltr'>praebeant.</span> <span class='ocrx_word' id='word_1_177' title='bbox 469 3183 613 3248; x_wconf 90' lang='lat' dir='ltr'>Primum</span> <span class='ocrx_word' id='word_1_178' title='bbox 629 3181 758 3263; x_wconf 89' lang='lat' dir='ltr'>quidem</span> <span class='ocrx_word' id='word_1_179' title='bbox 774 3180 951 3248; x_wconf 85' lang='lat' dir='ltr'>offenditur</span> <span class='ocrx_word' id='word_1_180' title='bbox 963 3183 1246 3266; x_wconf 85' lang='lat' dir='ltr'>Westermannus‚</span> <span class='ocrx_word' id='word_1_181' title='bbox 1262 3184 1346 3264; x_wconf 86' lang='lat' dir='ltr'>quod</span> 
     </span>
     <span class='ocr_line' id='line_1_27' title="bbox 238 3281 1347 3366; baseline 0.004 -20"><span class='ocrx_word' id='word_1_182' title='bbox 238 3301 301 3346; x_wconf 91' lang='lat' dir='ltr'>non</span> <span class='ocrx_word' id='word_1_183' title='bbox 334 3282 455 3348; x_wconf 88' lang='lat' dir='ltr'>dictum</span> <span class='ocrx_word' id='word_1_184' title='bbox 488 3283 549 3364; x_wconf 88' lang='lat' dir='ltr'>sit,</span> <span class='ocrx_word' id='word_1_185' title='bbox 578 3283 668 3366; x_wconf 89' lang='lat' dir='ltr'>cujus</span> <span class='ocrx_word' id='word_1_186' title='bbox 697 3281 746 3347; x_wconf 91' lang='lat' dir='ltr'>rei</span> <span class='ocrx_word' id='word_1_187' title='bbox 776 3300 876 3348; x_wconf 86' lang='lat' dir='ltr'>causa</span> <span class='ocrx_word' id='word_1_188' title='bbox 904 3282 1073 3365; x_wconf 88' lang='lat' dir='ltr'>Phrynion</span> <span class='ocrx_word' id='word_1_189' title='bbox 1101 3282 1257 3364; x_wconf 83' lang='lat' dir='ltr'>pecunias</span> <span class='ocrx_word' id='word_1_190' title='bbox 1286 3285 1347 3350; x_wconf 91' lang='lat' dir='ltr'>sol-</span> 
     </span>
     <span class='ocr_line' id='line_1_28' title="bbox 237 3383 1345 3469; baseline 0.001 -20"><span class='ocrx_word' id='word_1_191' title='bbox 237 3383 339 3466; x_wconf 88' lang='lat' dir='ltr'>verit;</span> <span class='ocrx_word' id='word_1_192' title='bbox 369 3393 405 3450; x_wconf 86' lang='lat' dir='ltr'>at</span> <span class='ocrx_word' id='word_1_193' title='bbox 432 3385 493 3450; x_wconf 92' lang='lat' dir='ltr'>hoc</span> <span class='ocrx_word' id='word_1_194' title='bbox 522 3386 663 3468; x_wconf 89' lang='lat' dir='ltr'>probare</span> <span class='ocrx_word' id='word_1_195' title='bbox 691 3402 756 3448; x_wconf 90' lang='lat' dir='ltr'>non</span> <span class='ocrx_word' id='word_1_196' title='bbox 786 3401 931 3469; x_wconf 87' lang='lat' dir='ltr'>possum,</span> <span class='ocrx_word' id='word_1_197' title='bbox 956 3401 1033 3448; x_wconf 90' lang='lat' dir='ltr'>cum</span> <span class='ocrx_word' id='word_1_198' title='bbox 1055 3383 1139 3448; x_wconf 88' lang='lat' dir='ltr'>hanc</span> <span class='ocrx_word' id='word_1_199' title='bbox 1167 3402 1236 3449; x_wconf 89' lang='lat' dir='ltr'>rem</span> <span class='ocrx_word' id='word_1_200' title='bbox 1262 3384 1345 3450; x_wconf 87' lang='lat' dir='ltr'>setis</span> 
     </span>
     <span class='ocr_line' id='line_1_29' title="bbox 234 3482 1344 3572; baseline 0 -24"><span class='ocrx_word' id='word_1_201' title='bbox 234 3483 415 3568; x_wconf 78' lang='lat' dir='ltr'>significari</span> <span class='ocrx_word' id='word_1_202' title='bbox 458 3492 569 3567; x_wconf 82' lang='lat' dir='ltr'>putem</span> <span class='ocrx_word' id='word_1_203' title='bbox 601 3484 712 3550; x_wconf 86' lang='lat' dir='ltr'>Verbis</span> <span class='ocrx_word' id='word_1_204' title='bbox 758 3482 893 3567; x_wconf 85' lang='grc' dir='ltr'><em>Νεαίρας</em></span> <span class='ocrx_word' id='word_1_205' title='bbox 935 3489 987 3571; x_wconf 74' lang='grc' dir='ltr'>τῆς</span> <span class='ocrx_word' id='word_1_206' title='bbox 1031 3487 1081 3546; x_wconf 80' lang='grc' dir='ltr'>νῦν</span> <span class='ocrx_word' id='word_1_207' title='bbox 1120 3484 1344 3572; x_wconf 78' lang='grc' dir='ltr'><em>ἀγωνιζομένης.</em></span> 
     </span>
     <span class='ocr_line' id='line_1_30' title="bbox 236 3582 1372 3662; baseline 0 -12"><span class='ocrx_word' id='word_1_208' title='bbox 236 3585 379 3650; x_wconf 81' lang='lat' dir='ltr'>Gravior</span> <span class='ocrx_word' id='word_1_209' title='bbox 401 3590 511 3651; x_wconf 88' lang='lat' dir='ltr'>eutem</span> <span class='ocrx_word' id='word_1_210' title='bbox 535 3585 642 3650; x_wconf 87' lang='lat' dir='ltr'>altera</span> <span class='ocrx_word' id='word_1_211' title='bbox 664 3582 798 3649; x_wconf 85' lang='lat' dir='ltr'>offensio</span> <span class='ocrx_word' id='word_1_212' title='bbox 822 3589 891 3662; x_wconf 81' lang='lat' dir='ltr'>est3</span> <span class='ocrx_word' id='word_1_213' title='bbox 921 3583 955 3647; x_wconf 94' lang='lat' dir='ltr'>in</span> <span class='ocrx_word' id='word_1_214' title='bbox 984 3583 1048 3648; x_wconf 86' lang='lat' dir='ltr'>fine</span> <span class='ocrx_word' id='word_1_215' title='bbox 1076 3582 1160 3648; x_wconf 90' lang='lat' dir='ltr'>enim</span> <span class='ocrx_word' id='word_1_216' title='bbox 1188 3583 1347 3650; x_wconf 85' lang='lat' dir='ltr'>formulae</span> <span class='ocrx_word' id='word_1_217' title='bbox 1371 3593 1372 3597; x_wconf 75' lang='grc'>’</span> 
     </span>
     <span class='ocr_line' id='line_1_31' title="bbox 235 3682 1346 3769; baseline 0.002 -21"><span class='ocrx_word' id='word_1_218' title='bbox 235 3683 287 3749; x_wconf 92' lang='lat' dir='ltr'>vir</span> <span class='ocrx_word' id='word_1_219' title='bbox 315 3685 523 3752; x_wconf 80' lang='lat' dir='ltr'>doctissimus</span> <span class='ocrx_word' id='word_1_220' title='bbox 557 3704 615 3752; x_wconf 92' lang='lat' dir='ltr'>suo</span> <span class='ocrx_word' id='word_1_221' title='bbox 646 3686 721 3769; x_wconf 84' lang='lat' dir='ltr'>jure</span> <span class='ocrx_word' id='word_1_222' title='bbox 751 3682 896 3766; x_wconf 85' lang='lat' dir='ltr'>offendit,</span> <span class='ocrx_word' id='word_1_223' title='bbox 921 3683 1072 3764; x_wconf 88' lang='lat' dir='ltr'>quoniam</span> <span class='ocrx_word' id='word_1_224' title='bbox 1102 3702 1207 3765; x_wconf 90' lang='lat' dir='ltr'>neque</span> <span class='ocrx_word' id='word_1_225' title='bbox 1233 3690 1346 3750; x_wconf 88' lang='lat' dir='ltr'>orator</span> 
     </span>
     <span class='ocr_line' id='line_1_32' title="bbox 233 3782 1346 3868; baseline 0 -18"><span class='ocrx_word' id='word_1_226' title='bbox 233 3782 297 3851; x_wconf 86' lang='lat' dir='ltr'>ullo</span> <span class='ocrx_word' id='word_1_227' title='bbox 318 3787 389 3851; x_wconf 90' lang='lat' dir='ltr'>loco</span> <span class='ocrx_word' id='word_1_228' title='bbox 414 3786 505 3868; x_wconf 86' lang='lat' dir='ltr'>dicit,</span> <span class='ocrx_word' id='word_1_229' title='bbox 532 3805 595 3867; x_wconf 89' lang='lat' dir='ltr'>quo</span> <span class='ocrx_word' id='word_1_230' title='bbox 617 3787 788 3867; x_wconf 89' lang='lat' dir='ltr'>Phrynion</span> <span class='ocrx_word' id='word_1_231' title='bbox 809 3802 882 3849; x_wconf 92' lang='lat' dir='ltr'>sese</span> <span class='ocrx_word' id='word_1_232' title='bbox 897 3783 1048 3864; x_wconf 86' lang='lat' dir='ltr'>verterit,</span> <span class='ocrx_word' id='word_1_233' title='bbox 1071 3802 1176 3864; x_wconf 90' lang='lat' dir='ltr'>neque</span> <span class='ocrx_word' id='word_1_234' title='bbox 1199 3789 1346 3850; x_wconf 86' lang='lat' dir='ltr'>extrema</span> 
     </span>
     <span class='ocr_line' id='line_1_33' title="bbox 234 3885 1346 3966; baseline 0 -15"><span class='ocrx_word' id='word_1_235' title='bbox 234 3887 337 3952; x_wconf 90' lang='lat' dir='ltr'>verba</span> <span class='ocrx_word' id='word_1_236' title='bbox 360 3906 430 3951; x_wconf 87' lang='lat' dir='ltr'>cum</span> <span class='ocrx_word' id='word_1_237' title='bbox 454 3888 574 3953; x_wconf 85' lang='lat' dir='ltr'>ceteris</span> <span class='ocrx_word' id='word_1_238' title='bbox 595 3889 662 3952; x_wconf 85' lang='lat' dir='ltr'>ullo</span> <span class='ocrx_word' id='word_1_239' title='bbox 685 3886 778 3952; x_wconf 91' lang='lat' dir='ltr'>modo</span> <span class='ocrx_word' id='word_1_240' title='bbox 808 3887 987 3951; x_wconf 87' lang='lat' dir='ltr'>cohaerent</span> <span class='ocrx_word' id='word_1_241' title='bbox 1015 3904 1120 3966; x_wconf 88' lang='lat' dir='ltr'>neque</span> <span class='ocrx_word' id='word_1_242' title='bbox 1147 3885 1276 3950; x_wconf 85' lang='lat' dir='ltr'>omnino</span> <span class='ocrx_word' id='word_1_243' title='bbox 1304 3886 1346 3951; x_wconf 84' lang='lat' dir='ltr'>ed</span> 
     </span>
     <span class='ocr_line' id='line_1_34' title="bbox 234 3985 1347 4068; baseline 0.002 -19"><span class='ocrx_word' id='word_1_244' title='bbox 234 4003 302 4050; x_wconf 91' lang='lat' dir='ltr'>rem</span> <span class='ocrx_word' id='word_1_245' title='bbox 324 3985 499 4068; x_wconf 87' lang='lat' dir='ltr'>pertinent.</span> <span class='ocrx_word' id='word_1_246' title='bbox 557 3989 717 4053; x_wconf 85' lang='lat' dir='ltr'>Fortasse</span> <span class='ocrx_word' id='word_1_247' title='bbox 750 3985 872 4051; x_wconf 88' lang='lat' dir='ltr'>obiciat</span> <span class='ocrx_word' id='word_1_248' title='bbox 903 3985 1065 4067; x_wconf 86' lang='lat' dir='ltr'>quispiam</span> <span class='ocrx_word' id='word_1_249' title='bbox 1086 3986 1189 4051; x_wconf 90' lang='lat' dir='ltr'>verba</span> <span class='ocrx_word' id='word_1_250' title='bbox 1218 3985 1347 4051; x_wconf 88' lang='lat' dir='ltr'>librarii</span> 
     </span>
     <span class='ocr_line' id='line_1_35' title="bbox 235 4084 1347 4170; baseline 0.004 -23"><span class='ocrx_word' id='word_1_251' title='bbox 235 4101 346 4150; x_wconf 93' lang='lat' dir='ltr'>errore</span> <span class='ocrx_word' id='word_1_252' title='bbox 368 4084 528 4152; x_wconf 85' lang='lat' dir='ltr'>formulae</span> <span class='ocrx_word' id='word_1_253' title='bbox 550 4087 706 4170; x_wconf 86' lang='lat' dir='ltr'>adjuncta</span> <span class='ocrx_word' id='word_1_254' title='bbox 728 4105 817 4169; x_wconf 89' lang='lat' dir='ltr'>esse,</span> <span class='ocrx_word' id='word_1_255' title='bbox 846 4087 888 4150; x_wconf 88' lang='lat' dir='ltr'>eb</span> <span class='ocrx_word' id='word_1_256' title='bbox 917 4084 1013 4150; x_wconf 88' lang='lat' dir='ltr'>initio</span> <span class='ocrx_word' id='word_1_257' title='bbox 1042 4089 1151 4150; x_wconf 89' lang='lat' dir='ltr'>autem</span> <span class='ocrx_word' id='word_1_258' title='bbox 1179 4087 1222 4150; x_wconf 88' lang='lat' dir='ltr'>ed</span> <span class='ocrx_word' id='word_1_259' title='bbox 1243 4087 1347 4151; x_wconf 85' lang='lat' dir='ltr'>rerba</span> 
     </span>
     <span class='ocr_line' id='line_1_36' title="bbox 235 4185 1346 4271; baseline 0.004 -24"><span class='ocrx_word' id='word_1_260' title='bbox 235 4186 399 4253; x_wconf 89' lang='lat' dir='ltr'>orationis</span> <span class='ocrx_word' id='word_1_261' title='bbox 429 4188 598 4271; x_wconf 86' lang='lat' dir='ltr'>applicata</span> <span class='ocrx_word' id='word_1_262' title='bbox 627 4187 747 4267; x_wconf 80' lang='lat' dir='ltr'>suisse3</span> <span class='ocrx_word' id='word_1_263' title='bbox 774 4192 810 4253; x_wconf 89' lang='lat' dir='ltr'>at</span> <span class='ocrx_word' id='word_1_264' title='bbox 841 4187 902 4252; x_wconf 90' lang='lat' dir='ltr'>hoc</span> <span class='ocrx_word' id='word_1_265' title='bbox 930 4191 1079 4253; x_wconf 89' lang='lat' dir='ltr'>statuere</span> <span class='ocrx_word' id='word_1_266' title='bbox 1111 4203 1183 4251; x_wconf 82' lang='lat' dir='ltr'>mea</span> <span class='ocrx_word' id='word_1_267' title='bbox 1216 4185 1346 4269; x_wconf 85' lang='lat' dir='ltr'>quidem</span> 
     </span>
    </p>
   </div>
   <div class='ocr_carea' id='block_1_5' title="bbox 0 0 1622 4924">
    <p class='ocr_par' dir='ltr' id='par_1_7' title="bbox 0 0 1622 4924">
     <span class='ocr_line' id='line_1_37' title="bbox 0 0 1622 4924; baseline 0 0"><span class='ocrx_word' id='word_1_268' title='bbox 0 0 1622 4924; x_wconf 95' lang='lat' dir='ltr'> </span> 
     </span>
    </p>
   </div>
  </div>
 </body>
</html>
