3236 4924
458 1175 665 1275 PARS
713 1175 1199 1275 Posrunmu.

278 1409 331 1468 De
357 1408 428 1469 litis
451 1410 693 1470 instrumentis
715 1409 964 1470 Demosthenis
985 1425 1072 1484 quae
1089 1409 1197 1469 fertur
1214 1410 1381 1469 adversus

572 1545 745 1604 Neaeram
769 1543 917 1604 orationi
939 1543 1089 1604 insertis.

359 1810 469 1894 Hujus
490 1811 642 1878 orationis
669 1811 824 1878 formulae
844 1813 886 1878 ab
912 1811 1002 1878 initio
1030 1811 1136 1878 verbis
1163 1813 1298 1879 oratoris
1327 1813 1382 1880 ad·

277 1912 364 1978 ditae
386 1918 461 1978 sunt
481 1918 592 1996 atque,
613 1913 647 1979 id
674 1913 756 1994 quod
782 1915 850 1996 jam
879 1908 976 1994 supra
1004 1911 1083 1995 dixi,
1111 1912 1207 1978 etiam
1234 1913 1381 1978 Atticum

276 2012 335 2078 has
357 2012 510 2080 formulas
531 2014 564 2080 in
587 2014 755 2081 editionem
777 2034 867 2080 suam
897 2013 1102 2079 transtulisse
1131 2013 1269 2079 codicum
1296 2014 1381 2080 notis

276 2113 318 2178 ad
339 2113 589 2181 stichometriam
611 2115 843 2198 pertinentibus
866 2134 941 2180 usus
963 2118 1073 2196 aperte
1091 2114 1199 2180 docuit
1212 2113 1381 2180 Christius.

276 2211 432 2297 Quamvis
454 2219 561 2280 autem
583 2217 644 2282 hec
664 2234 700 2280 11
720 2215 798 2282 fides
819 2214 1024 2281 formularum
1054 2213 1256 2278 confirmetur
1284 2218 1383 2294 atque

276 2313 374 2380 etiam
388 2314 547 2380 0111111111
563 2315 783 2381 demonstrare
805 2314 964 2380 studuerit
983 2313 1017 2379 in
1037 2313 1230 2380 orationibus
1245 2314 1381 2396 privatis

274 2434 338 2480 non
353 2433 423 2480 esse
437 2415 609 2481 verisimile
624 2436 644 2481 a
658 2415 800 2482 falsariis
822 2415 929 2480 eodem
945 2414 1036 2479 modo
1058 2433 1119 2494 quo
1134 2413 1168 2480 in
1183 2414 1380 2482 orationibus

275 2514 409 2596 publicis
433 2514 697 2597 interpolationes
723 2517 828 2582 factas
856 2535 942 2598 esse,
970 2519 1077 2580 tamen
1104 2514 1154 2581 vir
1181 2515 1381 2582 doctissimus

275 2613 343 2696 ipse
376 2615 519 2680 concedit
550 2616 600 2681 his
632 2616 809 2682 rationibus
841 2615 918 2681 solis
955 2614 1048 2680 fidem
1081 2613 1287 2682 formularum
1318 2634 1380 2680 non

275 2712 419 2780 omnibus
451 2715 703 2782 dubitationibus
735 2716 905 2782 liberatam
937 2733 1016 2780 esse.
1069 2715 1156 2780 Nem
1185 2714 1281 2782 facile
1312 2714 1380 2779 fieri

274 2813 388 2897 potuit,
412 2820 447 2880 ut
468 2813 625 2882 formulae
647 2817 734 2882 solae
755 2824 812 2882 aut
834 2815 1021 2899 conjunctae
1043 2833 1114 2879 cum
1128 2813 1245 2896 verbis,
1268 2813 1379 2895 quibus

275 2919 384 2980 orator
410 2915 452 2981 ed
484 2915 621 2982 scribam
655 2935 690 2982 se
710 2916 824 2999 vertit,
858 2916 1098 2996 interciderent3
1130 2921 1242 2997 postea
1273 2920 1380 2981 autem

274 3015 442 3098 falsarius,
465 3015 519 3082 ubi
540 3016 695 3083 formulae
724 3017 880 3101 genuinae
901 3016 1049 3098 deerant,
1082 3017 1154 3082 sod«
1170 3015 1306 3084 oratoris
1338 3016 1380 3080 ad

232 3107 234 3112 ’
274 3115 412 3181 scribam
444 3118 545 3184 verba
577 3123 610 3184 et
641 3119 792 3184 lemmata
825 3119 1015 3199 exstabant,
1047 3136 1149 3184 novas
1182 3117 1290 3200 finxit,
1325 3117 1380 3182 sed
1423 3205 1425 3210 s

273 3235 381 3282 earum
403 3216 618 3301 formularum,
641 3219 824 3300 quibuscum
846 3217 983 3285 oratoris
1016 3237 1138 3299 quoque
1160 3220 1259 3289 verba
1281 3217 1378 3284 inter·

274 3317 428 3399 ciderant
451 3338 543 3384 omne
556 3319 727 3402 vestigium
746 3319 849 3400 periit.
893 3318 1003 3404 Quare
1024 3338 1093 3384 cum
1115 3319 1155 3384 de
1175 3317 1225 3383 bis
1247 3318 1380 3398 aliisque

274 3417 427 3500 ejusmodi
447 3419 542 3484 rebus
563 3419 647 3485 notis
670 3419 906 3486 stichometriae
927 3419 1077 3486 certiores
1098 3439 1160 3486 non
1182 3418 1311 3500 fiamus,
1339 3437 1380 3486 ne

273 3520 312 3584 de
332 3519 427 3602 hujus
449 3518 574 3600 quidem
596 3520 748 3586 orationis
769 3519 913 3587 formulis
936 3520 1105 3601 quidquam
1135 3519 1214 3585 certi
1237 3519 1381 3602 judicare

272 3619 457 3701 poterimus,
480 3619 543 3685 nisi
563 3620 596 3686 in
619 3620 814 3704 singularum
837 3640 1012 3687 sermonem
1034 3625 1131 3702 atque
1159 3624 1380 3701 argumentum

272 3724 421 3785 accurate
441 3719 645 3800 inquiremus.

356 4003 534 4084 Postquam
571 4002 819 4087 TheomnestuS,
854 4003 974 4071 Diniae
1008 4005 1109 4087 filius,
1146 4003 1199 4085 qui
1232 4005 1380 4071 Neaerae

272 4103 431 4170 actionem
461 4103 658 4185 intenderat,
690 4123 793 4187 pauca
814 4106 913 4171 verba
944 4103 1036 4187 fecit,
1058 4102 1293 4186 Apollodorus,
1326 4102 1380 4183 qui

271 4206 448 4273 advocatus
469 4202 650 4274 accusatori
671 4211 801 4287 praesto
823 4210 910 4288 eret,
931 4205 1018 4286 loqui
1044 4204 1167 4271 orditur
1196 4210 1229 4272 et
1256 4203 1379 4287 inipso
