3236 4924
847 339 888 400 48

400 533 473 600 Ηοο
494 553 592 600 unum
614 535 759 601 fortasse
780 535 950 618 scrupulos
972 543 1113 619 moveat,
1137 537 1222 618 quod
1236 538 1271 603 in
1285 538 1427 605 formula

317 633 479 714 Brytidae
495 634 636 718 gentiles
659 638 789 702 tantum
804 634 966 719 dicuntur,
991 641 1106 702 contro
1127 636 1161 702 in
1182 636 1255 720 ipsa
1277 637 1426 703 oratione

318 751 454 815 puerum
477 734 699 816 recipiendum
721 741 756 801 et
777 736 819 803 ad
848 736 1024 817 phrateras
1053 737 1155 803 etad
1182 736 1325 821 gentiles
1352 757 1426 820 pro·

318 833 451 900 ductum
473 853 546 900 esse
568 835 785 901 contenditur.
829 837 979 902 Athaco
1009 856 1136 918 quoque
1165 837 1300 904 offensio
1328 838 1426 904 facile

319 934 470 1018 tolletur,
493 935 523 1000 si
548 933 654 1017 qualis
682 935 770 1001 ratio
803 941 881 1002 tnnc
913 937 1002 1003 inter
1035 937 1205 1020 phratrias
1239 942 1273 1004 et
1307 943 1426 1021 gentes

318 1034 546 1101 intercesserit
568 1054 774 1117 exponemus.
818 1035 1001 1104 Clisthenes
1029 1038 1127 1120 enim,
1157 1057 1227 1104 cum
1255 1037 1425 1103 civitatem

319 1153 405 1201 nova
425 1135 555 1202 ratione
578 1137 777 1219 disponeret,
792 1137 970 1218 phratrias,
994 1156 1078 1219 quae
1101 1143 1200 1203 antea
1215 1136 1425 1219 exstiterant,
1450 1175 1452 1178 -

319 1237 416 1317 plane
438 1235 572 1301 sustulit
607 1241 706 1317 atque
727 1256 843 1320 novas,
873 1257 1010 1319 querum
1036 1238 1070 1303 in
1098 1256 1195 1303 unam
1224 1236 1334 1302 induci
1362 1255 1426 1301 om·

318 1335 415 1401 nibus
448 1334 575 1401 civibus
608 1335 752 1400 condicio
787 1335 933 1402 civitatis
963 1345 1046 1419 erat,
1076 1335 1258 1402 constituit.
1302 1335 1427 1401 Contra

319 1436 473 1517 antiquas
496 1440 614 1518 gentes
636 1454 700 1500 non
722 1437 820 1517 plene
843 1437 976 1520 amovit,
999 1438 1057 1503 sed
1079 1440 1279 1520 potestatem
1294 1441 1425 1503 tantum

320 1532 367 1598 eis
396 1535 532 1617 eripuit,
554 1535 604 1601 ita
633 1542 671 1602 ut
696 1535 793 1601 liberi
819 1544 1036 1618 gennetarum
1063 1555 1161 1619 porro
1189 1536 1223 1601 in
1250 1540 1427 1606 stemmata

320 1633 468 1715 gentium
500 1634 773 1718 inscriberentur,
807 1637 865 1702 sed
899 1639 981 1702 haec
1002 1636 1174 1719 inscriptio
1208 1656 1267 1719 per
1294 1655 1330 1702 se
1350 1635 1426 1718 ipsa

319 1751 383 1798 non
406 1738 496 1800 esset
517 1734 664 1800 condicio
687 1735 834 1802 civitatis
888 1736 997 1820 Quare
1018 1736 1129 1819 liberi,
1153 1754 1288 1817 quorum
1310 1741 1426 1818 patres

315 1834 383 1916 jam
404 1833 439 1899 in
454 1833 565 1914 aliqua
579 1840 679 1917 gente
693 1833 852 1918 fuerant,¹
873 1835 907 1900 in
923 1837 985 1902 duo
1001 1840 1186 1919 stemmata,
1204 1842 1238 1902 et
1253 1835 1425 1918 phratrias

320 1940 355 2000 et
377 1933 487 2018 gentis
509 1933 783 2000 inscribebantur.
827 1938 937 2017 Atque
960 1936 1147 2019 phrateras,
1181 1954 1252 2001 cum
1275 1936 1425 2018 quaestio

320 2039 409 2099 esset
428 2034 567 2101 liberine
587 2035 768 2118 recipiendi
801 2043 913 2102 esseut
944 2055 1060 2118 necne,
1089 2037 1211 2120 judicio
1244 2036 1426 2120 gentilium,

320 2134 375 2215 qui
396 2134 526 2215 quidem
548 2139 607 2200 ant
629 2137 740 2202 eodem
762 2141 910 2218 tempore
932 2143 991 2204 aut
1007 2137 1116 2219 paullo
1131 2142 1209 2202 ante
1220 2136 1426 2232 judicabant,

318 2234 492 2301 maximam
514 2236 746 2304 auctoritatem
776 2236 933 2304 tribuisse
961 2237 1059 2318 plane
1088 2243 1341 2304 consentaneum
1363 2243 1426 2304 est.

318 2335 534 2402 Phrastorem
556 2335 671 2419 igitur,
695 2356 767 2403 cum
788 2337 1004 2418 Brytidarum
1026 2339 1136 2422 gentis
1158 2345 1263 2421 esset,
1286 2337 1426 2421 primum

319 2434 448 2515 quidem
471 2436 559 2518 apud
591 2436 745 2520 gentiles.
766 2455 901 2518 puerum
933 2436 1100 2504 induxisse
1133 2445 1271 2504 nonest
1298 2438 1425 2522 mirum,

320 2539 420 2616 atque
442 2553 513 2601 cum
531 2535 566 2601 hi
580 2555 715 2618 puerum
730 2535 879 2618 recipere
894 2543 1114 2620 recusassent,
1137 2556 1178 2602 ne.
1191 2537 1226 2602 in
1241 2537 1426 2619 phratriam

320 2637 449 2717 quidem
475 2636 579 2718 recipi
600 2637 723 2720 potuit,
749 2637 799 2704 ita
826 2645 864 2704 ut
889 2637 1103 2719 Brytidarum
1132 2638 1318 2704 testimonio
1345 2639 1427 2704 illud

320 2737 512 2818 phraterum
533 2738 596 2820 jam
620 2737 853 2803 contineretur.
897 2736 1006 2820 Quare
1028 2739 1090 2804 hoc
1115 2738 1196 2806 mibi
1218 2736 1427 2804 offensionem

320 2838 480 2918 praebere
502 2855 566 2902 non
587 2837 732 2920 videtur,
754 2837 951 2919 praesertim
974 2857 1045 2903 cum
1066 2838 1140 2906 aliis
1168 2857 1295 2920 quoque
1328 2838 1427 2902 locis-¹

320 2937 415 3021 hujus
436 2937 613 3003 liberorum
634 2936 668 3001 in
691 2943 808 3020 gentes
830 2936 1028 3002 inductionis
1049 2938 1171 3008 mentio
1193 2936 1262 3003 fiat.

403 3238 443 3303 In
464 3238 483 3320 ᾗ
505 3239 545 3303 83
568 3241 681 3302 orator
703 3236 792 3302 aliud
813 3253 940 3318 quoque
954 3240 1183 3320 argumentum
1199 3254 1234 3302 se
1250 3237 1427 3302 allaturum

320 3357 393 3404 esse
414 3335 590 3420 promittit,
613 3355 685 3402 cum
703 3337 829 3421 judices
852 3336 1027 3401 admoneat
1048 3335 1099 3401 his
1119 3335 1243 3402 verbis:
1272 3336 1427 3422 medarde

320 3439 356 3502 de
370 3439 419 3502 uui
431 3440 483 3527 τὴν
496 3436 747 3522 αἷσχρακέρὸειαν
764 3438 815 3523 τὴν
831 3435 993 3521 Στεφάνου
1010 3437 1126 3500 consoni
1143 3437 1191 3499 xci
1208 3437 1260 3523 τὴν
1273 3437 1427 3525 πονηρίαν,

320 3538 368 3602 ἵνα
395 3540 442 3602 καὶ
472 3539 504 3601 ἐκ
537 3537 648 3625 ταύτης
678 3537 786 3623 εἰδῆτε,
819 3537 864 3600 ὅτι
897 3536 952 3599 οὐκ
984 3533 1047 3599 ἔστι
1081 3537 1197 3622 Νέαιρα
1229 3537 1307 3626 αὕτη
1340 3537 1425 3624 ἀστή.

320 3639 387 3705 Res
409 3642 535 3719 autem,
558 3656 654 3718 qnam
681 3655 768 3702 nunc
793 3637 905 3702 multis
932 3635 1042 3702 verbis
1070 3638 1222 3720 exponit,
1251 3638 1334 3703 haec
1360 3642 1426 3704 est:

406 3842 414 3870 ¹
431 3839 493 3893 Nou
511 3851 602 3891 omnes
620 3835 693 3890 cives
709 3835 739 3889 in
756 3835 884 3904 gentibus
897 3842 985 3904 erant,
1003 3853 1064 3891 cum
1077 3835 1228 3890 Clisthenes
1240 3837 1340 3892 multos
1351 3853 1427 3906 pere·

321 3921 414 3992 grinos
431 3927 460 3976 et
480 3921 629 3988 libertinos,
648 3936 715 3986 quos
735 3919 764 3974 in
785 3919 925 3975 civitatem
947 3927 1093 3991 receperat,
1112 3918 1140 3974 in
1160 3919 1298 3989 phratrias
1318 3925 1427 3976 tantum

320 4005 479 4061 induxisset.
509 4005 551 4059 De
568 4005 610 4058 his
626 4005 707 4058 rebus
725 4003 758 4057 cf.
777 4002 903 4071 Philippi,
922 4005 938 4058 l.
956 4004 974 4057 l.
994 4019 1019 4070 p.
1039 4003 1099 4066 168·,
1118 4001 1230 4069 Gilbert,
1249 4002 1334 4070 antiq.
1352 4004 1427 4070 publ.

320 4105 408 4158 graec.
427 4106 452 4157 p.
471 4091 520 4143 142
539 4096 567 4143 et
584 4089 633 4144 200
651 4105 697 4155 sqs,
716 4088 888 4156 Schoemenn,
907 4087 991 4154 antiq.
1009 4103 1050 4154 gr.
1069 4086 1122 4140 vol.
1142 4087 1154 4139 l
1173 4102 1197 4153 p.
1217 4086 1276 4140 386.

404 4175 414 4203 ¹
432 4172 465 4228 cf.
483 4172 554 4227 isaei
572 4177 639 4226 orat.
657 4174 672 4226 7
690 4171 706 4240 θ
725 4171 769 4236 13·,
787 4171 888 4226 Andoc.
908 4175 975 4224 oret.
996 4172 1008 4224 l
1028 4169 1044 4238 ᾗ
1069 4171 1125 4224 127.
