3236 4924
708 422 746 483 17

180 617 379 687 sententiam
401 617 561 686 adderet?
604 619 717 700 Neque
739 618 947 687 verisimilius
974 622 1028 686 661
1047 616 1285 702 posterioribus

181 721 308 787 demum
334 720 536 803 temporibus
563 723 646 788 haec
674 723 779 788 verba
802 720 1001 803 interposita
1031 739 1117 803 esse;
1149 739 1225 786 nam
1257 719 1288 786 si

180 821 263 887 haec
283 823 387 887 verba
419 840 440 887 a
472 820 616 904 genuina
648 822 723 905 1616
755 818 936 904 afuissent,
958 821 1062 886 verba
1095 822 1147 884 ὅτε
1179 820 1286 884 Σόλων

181 920 275 1008 εἰσῄει
298 923 350 1010 τὴν
372 920 470 1008 ἀρχὴν
492 920 579 986 nullo
601 923 694 988 modo
718 941 789 987 cum
811 920 932 987 ceteris
947 921 1181 988 cohaesissent.
1224 919 1286 984 Ne-

181 1040 243 1102 que
276 1020 353 1086 mlhi
383 1020 506 1086 obicias
533 1021 604 1087 loco
631 1021 686 1087 illo
714 1021 872 1087 orationis
901 1022 1059 1087 adversus
1082 1019 1284 1086 Leocharen

180 1121 266 1187 hanc
287 1121 485 1188 sententiam
507 1141 571 1187 non
587 1127 729 1206 exstare,
751 1141 826 1188 nam
841 1121 888 1187 ibi
901 1121 1141 1187 Demosthenes
1156 1118 1285 1185 omnino

180 1239 244 1286 non
266 1224 371 1287 totam
392 1221 501 1304 legem
524 1220 660 1289 laudare
681 1224 769 1306 vult,
803 1223 862 1289 sed
894 1222 977 1288 alias
1011 1239 1138 1302 quoque
1171 1225 1286 1303 partes

181 1321 316 1388 omittit.
361 1322 424 1388 Sed
446 1343 487 1388 16
509 1323 591 1389 haec
613 1324 742 1404 quidem
764 1323 844 1389 mihi
858 1323 1011 1389 videatur
1027 1324 1119 1406 justa
1141 1319 1285 1402 offensio,

181 1421 209 1487 si
230 1419 319 1487 forte
341 1421 431 1488 dicas
452 1422 629 1488 verisimile
650 1442 715 1489 non
745 1443 817 1490 esse
846 1423 881 1488 in
901 1422 975 1506 1616
1002 1423 1101 1488 talem
1128 1419 1286 1503 temporis

128 1513 130 1518 ’
182 1523 444 1589 terminationem
460 1529 608 1606 exstare3
630 1544 705 1590 nam
728 1544 808 1591 sane
822 1526 883 1591 hoc
897 1531 1044 1591 nostrum
1061 1527 1112 1589 est
1119 1520 1285 1606 judicium,

182 1624 241 1689 sed
263 1623 408 1704 antiquis
430 1623 494 1690 illis
516 1626 718 1707 temporibus
740 1627 841 1691 talem
863 1624 1027 1691 notionem
1056 1624 1202 1704 ineptam
1222 1639 1287 1686 non

181 1723 283 1789 fuisse
305 1727 446 1806 apparet
468 1744 509 1790 ex
530 1724 663 1790 decreto
686 1725 921 1791 aPlutarcbo¹
943 1729 1086 1805 servato,
1109 1721 1195 1802 quod
1209 1720 1287 1801 quin

181 1843 201 1889 a
224 1823 341 1890 Solone
364 1823 524 1907 originem
547 1824 655 1907 ducat,
678 1842 742 1889 non
765 1831 816 1890 est
838 1824 979 1890 dubium.

265 1925 333 1989 lam
345 1943 424 1989 uero
443 1924 513 2006 alii,
530 1924 564 1989 in
585 1944 721 2008 quorum
738 1944 871 1991 numero
891 1929 942 1991 est
957 1944 987 1990 v.
1000 1925 1030 1989 d.
1042 1923 1167 2007 Esius.²
1182 1926 1287 1989 totam

182 2027 289 2108 legem
321 2023 431 2090 fictam
464 2043 536 2090 esse
569 2033 713 2091 censent.
767 2027 865 2110 Cujus
898 2025 947 2091 rei
979 2023 1201 2090 testimonium
1222 2021 1287 2089 viri

181 2125 270 2191 docti
296 2125 427 2206 saepius
455 2125 611 2209 afferunt,
638 2127 723 2208 quod
751 2130 866 2210 verba,
895 2126 1012 2207 quibus
1041 2131 1154 2191 orator
1180 2124 1286 2206 legem

180 2227 306 2309 laudat,
329 2226 444 2291 eadem
465 2231 543 2292 sunt
565 2244 604 2290 ac
626 2228 729 2292 verba
750 2226 843 2309 legis.
888 2226 952 2291 Sed
981 2227 1043 2292 hac
1068 2244 1112 2291 ex
1141 2244 1177 2290 16
1207 2223 1287 2288 mibi

181 2325 313 2394 videtur
335 2325 416 2390 nibil
442 2326 634 2391 concludere
663 2326 777 2407 licere,
804 2344 880 2391 nam
908 2326 1003 2407 plane
1033 2329 1287 2390 consentaneum

182 2429 234 2491 661
256 2429 414 2506 61611166,
437 2443 508 2490 cum
532 2425 571 2492 de
593 2426 667 2507 lege
682 2424 804 2509 dicant,
827 2425 966 2491 maxime
981 2424 1054 2506 ipsa
1070 2426 1180 2505 verba,
1203 2443 1286 2506 quae

180 2525 215 2590 in
236 2523 365 2607 legibus
386 2524 514 2607 insunt,
537 2524 570 2590 in
592 2543 669 2590 suas
691 2526 857 2591 orationes
883 2525 1080 2590 transferre.
1138 2524 1287 2591 Offendo-

182 2626 279 2690 batur
301 2631 453 2692 autemv
486 2625 516 2691 d.
539 2625 637 2691 Esius
659 2625 771 2692 verbis
805 2626 840 2688 τὰ
872 2626 982 2688 ἑαυτοῦ
1015 2623 1178 2688 διαθέσθαι
1210 2624 1287 2688 εἶναι

182 2727 267 2802 θαας
296 2725 333 2788 ἂν
366 2724 464 2813 ἐθέλῃ,
497 2743 581 2806 1166
612 2724 718 2812 minus
745 2724 959 2793 convenirent
986 2723 1100 2807 graeci
1128 2725 1286 2791 sermonis

180 2826 322 2910 legibus;
345 2846 417 2892 eum
440 2832 560 2908 autern,
583 2826 639 2907 qui
654 2826 735 2892 talia
750 2825 969 2907 conflavisset‚
992 2844 1033 2891 ex
1048 2824 1196 2890 oratione
1211 2825 1285 2907 ipsa

179 2926 314 2991 meliora
347 2925 456 2991 dicere
487 2925 646 3006 potuisse,
681 2945 752 2992 cum
784 2944 859 2991 mox
891 2929 1085 3007 sequoretur
1119 2924 1236 3001 τούτοις
1268 2928 1285 2986 d

181 3026 274 3110 νόμος
300 3024 402 3088 θίθισσι
430 3024 590 3088 διαθέσθαι
619 3026 654 3088 τὰ
680 3027 805 3089 ἑαυτῶν.
854 3026 940 3092 Sane
968 3025 1123 3092 falsarius
1153 3024 1288 3090 meliora

181 3125 291 3189 dicero
313 3123 431 3204 potuit,
454 3123 512 3189 sed
534 3142 574 3188 66
596 3125 669 3206 ipsa
691 3125 730 3191 de
753 3145 862 3209 causa,
886 3128 971 3208 quod
988 3125 1109 3192 similia
1129 3126 1232 3190 verba
1254 3124 1287 3188 in

181 3223 255 3306 lege
276 3241 340 3287 nou
362 3222 483 3304 insunt,
507 3222 565 3288 sed
586 3224 652 3288 alia
674 3225 773 3290 dictio
795 3233 957 3307 usurpata
979 3231 1039 3305 est,
1062 3225 1142 3291 mihi
1155 3224 1288 3290 videtur

181 3339 344 3404 apparere
371 3323 477 3406 legem
503 3343 568 3389 non
596 3323 722 3406 fictam,
753 3327 810 3390 sed
838 3326 1014 3407 genuinam
1044 3345 1118 3392 esse
1176 3327 1289 3406 Neque

186 3422 270 3488 enim
293 3422 465 3489 formulam
487 3430 623 3506 propter
644 3443 742 3490 unam
765 3444 907 3507 causam,
931 3428 1016 3507 quod
1038 3425 1165 3507 aliquot
1185 3428 1288 3491 verba

183 3523 318 3590 usitatis
331 3523 515 3591 rationibus
528 3524 754 3608 grammaticis
770 3533 967 3610 repugnant,
990 3527 1127 3592 falsario
1142 3526 1289 3591 tribuere

179 3624 270 3707 licet,
294 3625 390 3691 immo
413 3631 493 3708 puto
515 3626 664 3708 plurimis
686 3628 781 3710 hujus
810 3627 942 3711 generis
963 3626 1043 3693 locis
1072 3628 1163 3709 prius
1193 3645 1289 3708 quae·

179 3726 314 3791 rendum
338 3746 419 3808 esse,
442 3732 553 3793 utrum
575 3730 692 3808 verba,
717 3747 800 3808 quae
823 3728 1031 3794 offensionem
1053 3728 1187 3807 habent,
1217 3745 1285 3792 cor·

179 3831 280 3908 rupta
311 3826 377 3893 sint
404 3846 447 3893 an
474 3828 508 3893 in
534 3827 575 3893 iis
606 3828 760 3894 indicium
790 3827 986 3910 antiquioris
1014 3826 1136 3893 aetatis
1168 3831 1286 3893 exstet.

180 3924 273 4008 Quod
295 3933 403 3992 autern
427 3929 521 4013 hujus
543 3929 605 3995 loci
620 3936 822 3996 structuram
845 3931 958 4013 graeci
979 3928 1137 3995 sermonis
1156 3927 1287 4011 legibus

267 4095 274 4122 ¹
293 4092 326 4146 ci.
345 4093 411 4146 Plut
437 4094 511 4148 vitae
529 4095 635 4149 Solonis
653 4112 709 4164 cap.
731 4098 772 4150 19:
805 4095 911 4164 ἶ-Ιτίμων
929 4099 986 4150 ὅσοι
1006 4097 1092 4163 ἄτιμοι
1111 4098 1177 4167 ἦσαν
1196 4098 1252 4167 πρὶν
1270 4099 1285 4166 ἢ

180 4175 289 4230 Σόλωνα
308 4177 395 4248 ἄρξαι,
415 4180 556 4243 ἐπιτιμιόυς
575 4180 638 4232 εἶναι
658 4195 696 4245 sq.

268 4258 328 4314 ‘cr
347 4257 356 4312 1
383 4260 400 4313 1.
420 4277 445 4329 p.
463 4261 503 4314 61.
1088 4329 1104 4385 2
