3236 4924
812 338 853 399 46

307 539 311 544 ’
412 537 466 626 τῆς
484 534 595 598 ἑαυτοῦ
617 533 712 603 οἰκίας
730 536 778 600 καί
801 535 898 600 οιίκέτι
919 537 1065 599 συνοικεῖν
1080 534 1166 621 αὐτῇ,
1185 535 1233 598 καί
1247 533 1395 618 λαχόντος

411 637 497 721 αὐτῷ
537 635 699 721 Στεφάνου
734 636 780 704 εἰς
809 633 918 721 ᾠδεῖον
953 635 1035 700 σίτου
1077 633 1274 699 διαλύσασθαι
1315 637 1394 718 πρὸς

411 737 503 800 αὐτὸν
528 735 697 820 Στέφανον,
729 735 809 799 ὥστε
843 737 896 824 την
927 736 1046 823 γραφὴν
1078 734 1274 823 ἀναιρεθῆναι
1307 734 1391 817 παρὰ

414 839 472 906 τῶν
505 835 701 920 θεσμοθετῶν
733 837 781 899 καί
813 836 865 923 τὴν
892 834 974 923 δίκην
1008 838 1060 898 τοῦ
1092 833 1183 910 σίτου,
1215 835 1251 922 ἰγν
1283 832 1391 919 ἔλαχεν

412 937 478 1022 ἐγιοί
500 935 666 1023 Στέφανος.
917 949 920 956 ·

372 1071 408 1138 ln
440 1061 502 1136 hoc
534 1068 722 1136 testimonio
751 1068 890 1152 primum
923 1066 1051 1150 quidem
1079 1066 1218 1133 maxime
1245 1065 1390 1148 offendit,

287 1171 372 1253 quod
394 1169 473 1236 ordo
496 1188 606 1236 rerum
628 1170 726 1252 plane
755 1167 979 1251 confunditur,
1006 1167 1056 1233 ita
1081 1173 1119 1233 ut
1143 1166 1270 1233 omnino
1297 1168 1390 1232 intel·

285 1270 353 1354 legi
373 1275 548 1352 nequeant.
598 1271 694 1336 Hanc
716 1274 825 1336 autem
846 1287 956 1334 rerum
983 1267 1266 1351 perturbationem
1291 1267 1391 1333 libra·

286 1371 409 1437 riorum
431 1373 527 1454 culpa
549 1375 655 1436 ortam
678 1389 750 1436 esse
776 1368 856 1435 mihi
882 1369 1083 1452 persuadere
1108 1387 1173 1435 non
1199 1369 1305 1452 potui,
1331 1368 1390 1434 sed

287 1490 358 1536 cum
390 1477 506 1555 partes
543 1469 723 1536 testimonii
759 1489 868 1537 omues
903 1474 1038 1553 praeter
1060 1470 1164 1536 verba
1205 1471 1253 1534 xci
1292 1468 1391 1532 οὐκέτι

243 1617 244 1620 ,
286 1577 432 1636 συνοικεῖν
453 1573 533 1658 αὐτῇ
558 1571 592 1640 in
618 1571 722 1654 ipsius
752 1571 911 1638 orationis
948 1577 1063 1638 tenore
1092 1575 1225 1638 exstare
1251 1567 1390 1649 videam,

287 1671 458 1740 falsarium
480 1671 620 1752 aliquem
639 1676 719 1753 puto
741 1669 924 1737 sententias
940 1670 1082 1738 oratoris
1097 1669 1310 1752 excerpsisse,
1333 1670 1391 1734 sed

286 1790 399 1837 verum
422 1790 533 1838 rerum
548 1769 694 1836 ordinem
708 1790 773 1836 non
787 1769 974 1837 retinuisse.
1019 1771 1167 1836 Alteram
1182 1768 1391 1834 offensionem

286 1874 425 1954 praebet
446 1890 511 1937 vox
534 1871 607 1955 ἐμοί,
630 1890 714 1954 quae
736 1871 865 1952 quidem
887 1871 943 1937 vix
965 1871 1170 1953 corruptela,
1197 1871 1256 1935 sed
1281 1868 1390 1952 potius

286 1969 416 2037 falsarii
437 1971 651 2055 neglegentia
673 1971 725 2038 vel
745 1970 879 2037 inscitia
900 1976 976 2037 orta
998 1988 1071 2036 esse
1092 1970 1233 2036 videtur.

369 2323 406 2387 ln
428 2321 587 2388 orationis
610 2320 629 2406 ξ
652 2326 691 2385 72
714 2325 825 2386 orator
846 2319 1012 2403 promittit
1027 2338 1063 2386 se
1078 2318 1303 2401 praebiturum
1318 2337 1392 2385 esse

286 2423 334 2485 καί
355 2422 464 2506 ἑτέραν
491 2420 662 2506 μαρτυρίαν
693 2425 746 2484 τοῦ
780 2444 812 2484 τε
849 2420 1024 2505 Φράστορος
1053 2421 1102 2484 καί
1135 2424 1194 2484 τῶν
1226 2419 1391 2506 φρατέρων

286 2523 380 2586 αὐτοῦ
402 2524 454 2586 καί
470 2517 627 2609 γεννητῶν,
649 2522 693 2597 ῶς
713 2518 775 2584 ἔστι
797 2521 866 2608 ξένη
890 2520 1006 2604 Νέαιρα
1027 2519 1112 2609 αὕτη.
1157 2519 1251 2586 iniis
1271 2524 1390 2602 autem,

287 2641 371 2704 qliae
393 2621 590 2703 sequuntur,
613 2625 725 2686 orator
746 2621 858 2686 multis
880 2620 990 2687 verbis
1013 2619 1148 2702 exponit
1176 2621 1391 2686 Phrastorem

286 2729 459 2806 aegrotum
481 2741 502 2787 a
527 2722 642 2786 Phano
673 2727 866 2788 commotum
899 2739 988 2803 esse,
1021 2727 1058 2787 ut
1090 2737 1226 2803 puerum
1259 2741 1301 2786 ex
1331 2720 1391 2786 illa

287 2831 394 2889 ortum
417 2822 596 2905 adoptaret
623 2820 711 2887 etin
741 2827 874 2905 gentem
896 2822 1110 2903 Brytidarum
1143 2825 1177 2887 et
1206 2821 1390 2903 phratriam

286 2923 471 3004 induceret,
494 2921 552 2988 sed
574 2940 646 2986 cum
668 2928 831 3004 gennetae
852 2941 894 2988 ne
915 2922 1005 2987 illum
1034 2940 1170 3004 puerum
1197 2922 1232 2987 in
1260 2925 1391 3006 gentem

286 3024 473 3106 reciperent
494 3027 705 3089 recusassent
727 3026 761 3088 et
783 3038 803 3086 a
824 3026 922 3104 patre
943 3022 1183 3104 postulassent,
1205 3029 1243 3089 ut
1260 3022 1392 3106 juraret

285 3124 386 3191 filium
410 3143 451 3190 ex
472 3123 543 3190 cive
564 3122 700 3189 muliere
715 3129 822 3189 ortum
844 3141 925 3204 esse,
947 3122 1053 3205 ipsum
1075 3123 1217 3188 noluisse
1239 3123 1307 3188 tale
1324 3123 1392 3206 jus·

282 3226 458 3310 jnrandum
480 3226 569 3290 dare.
614 3223 711 3307 Cujus
733 3222 936 3289 narrationis
957 3223 1084 3288 veritas
1111 3221 1206 3288 nobis
1237 3240 1300 3289 uno
1329 3222 1392 3288 hoc

286 3325 474 3392 testimonio
498 3325 719 3406 confirmatur,
742 3325 826 3404 quod
849 3327 961 3389 exstat
981 3322 1015 3388 in
1037 3320 1056 3408 ξ
1078 3323 1133 3389 79;

417 3460 619 3543 Τιράστρατος
640 3457 819 3545 Ἑκάληθεν,
857 3456 1031 3532 Ξάνθιππος
1064 3455 1223 3545 Ἐροιάδης,
1257 3457 1395 3545 Εὐάλκης

413 3559 576 3647 Φαληρεύς,
592 3556 711 3634 ’Ἄνυτος
721 3560 879 3646 Λακιάδης,
893 3559 1069 3644 Εὐφράνωρ
1082 3557 1230 3640 Αἰγιλιεύς,
1250 3556 1394 3632 Νίκιππος

415 3657 595 3746 Κεφαλῆθεν
621 3662 828 3742 μαρτυροῦσιν
849 3658 923 3722 εἰναι
952 3659 1000 3721 καί
1027 3657 1139 3734 αὐτοὺς
1158 3659 1206 3722 καί
1230 3657 1392 3742 Φράστορα

412 3761 463 3822 τὸν
491 3758 618 3840 Αἰγιλιέα
647 3762 706 3821 τῶν
733 3762 891 3846 γεννητῶν,
914 3758 942 3821 οἰ
968 3759 1127 3822 καλοῦνται
1160 3756 1316 3841 Βρυτίδαι,
1343 3758 1393 3819 καί

411 3859 567 3933 ἀξιοῦντος
588 3857 764 3942 Φράστορος
784 3857 909 3938 εἰσάγειν
943 3859 993 3921 τὸν
1027 3859 1089 3921 υίὸν
1121 3858 1215 3921 αὑτοῦ
1248 3857 1293 3933 εἰς
1323 3855 1395 3931 τοὺς

409 3958 564 4046 γεννήτας,
587 3957 705 4034 εἰδότες
731 3958 816 4021 αὐτοὶ
838 3958 883 4020 ὅτι
913 3956 1090 4042 Φράστορος
1115 3959 1179 4033 υίὸς
1205 3955 1251 4045 εἰη
1278 3957 1312 4020 ἐκ
1340 3961 1395 4043 τῆς

411 4058 561 4141 θυγατρὸς
602 4061 655 4144 τῆς
689 4055 836 4140 Νεαίρας,
882 4056 1008 4120 κωλύειν
1055 4057 1180 4138 εἰσάγειν
1230 4055 1392 4141 Φράστορα

412 4159 463 4222 τὸν
485 4157 557 4220 υίάν.
