3236 4924
765 357 805 416 45

359 549 519 633 Εὔβουλος
537 551 774 636 Νρσβαλίσιας,’
796 551 958 641 Διοπείθης
978 552 1137 627 Νελιτεάς,
1160 552 1285 640 Ντὴσων
1306 551 1340 616 ἐκ

359 650 527 735 Νεραρέων
555 652 780 743 μαρτυροῦσιν,
813 652 917 741 ἐπειδὴ
953 655 983 716 αί
1019 653 1170 735 διαλλαγαί
1202 651 1339 735 ἐγένοντο
1391 735 1396 743 ἱ

357 751 387 812 αί
411 752 479 834 περί
505 750 636 836 Νεαίρας
659 751 804 836 Φρυνίωνι
833 755 881 816 καί
903 752 1072 838 Στεφάνῳ,
1104 752 1243 828 πολλάκις
1267 775 1339 815 συν-

358 849 513 937 δειπνῆσαι
529 851 644 926 αὐτοῖς
668 853 716 914 καί
747 851 899 936 συμπίνειν
928 853 1009 936 μετὰ
1038 851 1172 936 Νεαίρας
1198 856 1252 939 τῆς
1280 853 1340 915 νυνί

357 949 577 1037 ἀγωνιζομένης
616 952 664 1015 καί
704 951 796 1014 ίιπότε
838 951 922 1036 παρὰ
957 950 1108 1035 Στεφάνῳ
1142 947 1188 1037 εἴη
1221 949 1339 1035 Νέαιρα

357 1051 406 1112 καί
427 1050 520 1113 ὁπότε
543 1050 632 1134 παρὰ·
651 1049 804 1134 Φρυνίωνι.

315 1183 352 1247 ln
381 1183 443 1248 hoo
472 1182 659 1248 testimonio
693 1201 797 1265 neque
829 1185 858 1250 si
885 1203 1065 1250 sermonem
1094 1201 1199 1262 neque
1230 1182 1259 1248 si
1285 1202 1339 1248 res

230 1283 321 1366 ipsas
343 1282 535 1364 respicimus
563 1284 738 1366 quidquam
760 1291 826 1367 est,
855 1285 940 1366 quod
961 1285 1203 1380 vituperemus,
1232 1302 1272 1349 ac
1297 1302 1339 1348 ue

230 1384 503 1450 Westermannus
537 1384 667 1464 quidem
702 1384 828 1468 habuit,
866 1385 951 1465 quod
987 1390 1103 1450 contra
1138 1385 1207 1467 ejus
1242 1383 1338 1448 fidem

231 1481 398 1566 proterret
453 1483 629 1566 l'ituperat
650 1489 761 1549 autem
782 1484 816 1550 id
838 1503 949 1563 urium,
979 1485 1111 1550 nomina
1138 1490 1271 1568 patrum
1303 1483 1338 1549 in

230 1582 372 1649 formula
393 1584 524 1662 deesse;
547 1585 605 1649 sed
628 1584 667 1649 de
689 1585 751 1649 hac
773 1604 810 1650 re
827 1585 897 1668 jam
925 1604 1027 1666 supra
1053 1583 1241 1651 accuratius
1273 1585 1337 1651 dis-

232 1688 380 1764 putatum
405 1687 465 1749 est.
934 1693 937 1700 '

314 1969 445 2033 Neaera
467 1987 537 2033 cum
561 1969 604 2033 ad
626 1967 827 2050 Stephanum
849 1967 995 2049 veniret,
1014 1971 1082 2052 jam
1111 1969 1226 2052 filiam,
1254 1989 1337 2051 quae

229 2075 330 2133 antea
351 2068 520 2152 Strybele‚
543 2072 612 2133 tum
634 2069 748 2134 Phano
775 2069 1022 2152 nominabatur,
1051 2089 1159 2136 secum
1188 2071 1338 2136 duxerat.

231 2166 335 2250 Quam
357 2167 457 2233 filiam
479 2169 675 2251 Stephanae,
700 2168 794 2248 qnasi
816 2174 905 2234 esset
926 2188 986 2235 sua
1007 2168 1111 2250 ipsius
1133 2170 1211 2251 iilia,
1236 2170 1336 2236 Phra·

229 2267 312 2332 stori
335 2268 517 2350 despondit,
541 2269 596 2349 qui
619 2275 729 2335 tamen
751 2269 860 2350 paullo
882 2274 966 2352 post,
990 2287 1061 2335 cum
1083 2269 1251 2335 mulierem
1273 2291 1337 2337 non

230 2367 404 2452 Stephani,
435 2369 494 2435 sed
522 2370 671 2435 Neaerae
698 2369 798 2435 filiam
829 2388 901 2435 esse
931 2369 1156 2452 comperisset,
1179 2370 1269 2436 illam
1296 2391 1337 2436 ex

230 2468 323 2534 domo
357 2469 482 2552 expulit
514 2489 619 2551 neque
652 2471 760 2536 dotem
794 2468 946 2536 reddidit.
1005 2469 1115 2552 Quare
1149 2469 1335 2553 Stephanus

229 2567 323 2634 initio
356 2569 486 2651 quidem
521 2569 697 2635 Phrastori
730 2568 892 2635 actionem
924 2568 1150 2634 alimentorum
1183 2565 1336 2657 intendit,

231 2669 288 2734 sed
311 2688 381 2734 cum
405 2675 521 2735 contra
536 2671 698 2736 Phrastor
720 2669 824 2752 ipsum
847 2676 1029 2743 accusaret,
1052 2671 1138 2752 quod
1159 2670 1222 2736 sibi
1244 2692 1336 2754 pere·

230 2769 358 2853 grinam
380 2769 548 2836 mulierem
575 2770 609 2836 iu
638 2770 879 2836 matrimonium
902 2769 1062 2852 dedisset,
1091 2791 1151 2836 sua
1178 2779 1295 2854 sponte
1317 2792 1337 2838 a

228 2870 411 2937 Phrastore
433 2871 545 2953 petiit,
569 2876 606 2935 ut
635 2871 877 2937 accusationem
904 2872 1035 2937 tolleret
1062 2871 1188 2954 etipse
1210 2892 1337 2955 quoque

230 2970 271 3036 ab
294 2971 423 3036 actione
447 2970 585 3036 destitit.
630 2970 734 3054 Quam
756 2991 835 3055 rem,
859 2990 930 3037 cum
955 2972 1120 3037 Neaeram
1147 2991 1219 3037 esse
1245 2992 1337 3054 pere-

229 3069 358 3152 grinam
380 3075 496 3152 aperte
520 3071 737 3154 demonstret,
761 3072 980 3154 Apollodorus
1002 3071 1037 3137 in
1054 3072 1202 3137 oratione
1224 3073 1335 3139 multis

228 3169 339 3234 verbis
362 3170 496 3252 exponit
518 3177 618 3251 atque
640 3170 742 3236 etiam
767 3171 981 3237 Phrastorem
1010 3170 1217 3252 adhortatur,
1240 3176 1278 3237 ut
1299 3191 1336 3237 re

229 3286 310 3334 vera
335 3271 396 3335 hoc
423 3270 546 3337 iactum
580 3289 651 3336 esse
680 3275 824 3336 testetur
887 3273 970 3336 Tum
1002 3271 1151 3352 seqnitur
1183 3271 1217 3339 in
1249 3270 1268 3358 ξ
1295 3273 1334 3336 71

228 3370 290 3436 hoc
311 3371 550 3438 testimonium:

355 3497 505 3582 Φράστωρ
539 3496 684 3578 Αἰγιλιεὺς
711 3501 878 3580 μαρτυρεῖ,
914 3497 1018 3586 ἐπειδὴ
1058 3493 1170 3584 ᾔσιλετυ
1204 3497 1338 3582 Νεαίρας

353 3597 506 3682 θυγατέρα
527 3599 711 3686 ἐγγυήσαντα
739 3599 824 3682 αὐτῷ
845 3597 1005 3683 Στέφανον
1035 3599 1080 3667 ὡς
1104 3598 1214 3661 ἑαυτοῦ
1242 3597 1335 3662 οὖσαν

352 3697 519 3781 θυγατέρα,
540 3697 715 3782 γράῴασιλαι
748 3697 840 3760 αὐτὸν
868 3699 989 3784 γραφὴν
1017 3701 1097 3782 πρὸς
1123 3696 1196 3767 τοὺς
1222 3699 1335 3782 ‹isefio-

352 3795 446 3866 Νέτας
472 3799 547 3861 κατὰ
578 3801 628 3861 τὸν
658 3798 758 3882 νιίρσν,
784 3798 832 3860 καί
862 3799 915 3884 τὴν
943 3796 1107 3882 άνιλρωπυν
1134 3797 1273 3879 ἐκβαλεῖν
1302 3797 1336 3861 ἐκ

310 4029 463 4098 ¹Rossius,
482 4031 514 4085 de
533 4029 611 4100 pagis
635 4029 736 4084 Atticis
760 4047 784 4097 p.
810 4033 858 4084 156
881 4029 1021 4085 contendit
1045 4030 1145 4085 Eubuli
1168 4030 1254 4084 lilium
1276 4045 1335 4084 esse

225 4111 310 4180 illum,
329 4111 375 4179 qui
396 4111 424 4166 in
442 4113 581 4167 Demosth.
601 4129 637 4166 or.
656 4114 689 4166 54
712 4113 727 4181 ,ξ
748 4115 775 4166 ll
796 4118 1033 4178 oornmemoratur3
1052 4114 1099 4168 sed
1121 4115 1153 4167 de
1176 4113 1226 4166 hac
1243 4129 1272 4167 re
1289 4113 1336 4167 vix

224 4195 366 4263 dijudicari
383 4212 462 4264 posse
480 4195 612 4251 existimo.
