3236 4924
725 419 764 492 19

197 631 252 713 qui
273 635 308 697 et
328 629 394 714 ipsi
417 628 536 716 ποιητοί
554 629 769 710 vocabantur,
791 625 1013 710 transtulisse,
1036 623 1122 708 quod
1142 624 1204 692 hoc
1226 645 1244 692 e
1264 641 1301 691 re

197 748 258 797 sua
279 736 378 798 esset.
1206 755 1213 768 ·

280 830 374 913 Quod
404 829 582 896 artificium
615 848 687 895 cum
718 847 783 894 non
816 829 1053 912 perspicerent,
1086 826 1218 911 plurimi
1238 825 1304 894 viri

198 930 285 996 docti
308 949 345 996 eo
373 929 526 1013 perducti
547 934 641 1014 sunt,
664 934 703 995 ut
723 929 808 995 falso
831 934 1004 996 censerent
1031 928 1137 1012 legem
1165 947 1238 995 esse
1263 929 1303 992 de

198 1029 323 1097 civibus
346 1030 524 1112 adscriptis
547 1035 647 1112 atque
680 1029 779 1095 etiam
811 1029 985 1096 formulam
1016 1029 1185 1111 traditam,
1219 1047 1303 1109 quae

198 1133 309 1210 potest
331 1133 422 1194 certe
445 1125 589 1210 genuina
611 1147 682 1195 esse
703 1166 745 1176 —
765 1147 841 1194 nam
863 1127 1057 1194 firmissimis
1078 1127 1207 1194 indiciis
1230 1147 1304 1193 auo·

198 1229 319 1295 toritas
351 1247 528 1311 paucorum
557 1229 650 1295 modo
677 1247 718 1295 ex
745 1229 796 1295 his
822 1228 857 1294 in
883 1228 1049 1295 orationes
1075 1228 1209 1294 insertis
1234 1227 1304 1293 litis

199 1327 429 1395 instrumentis
451 1329 585 1410 probari
606 1333 718 1412 potest
742 1365 774 1374 -
802 1328 1004 1411 suppositam
1026 1332 1184 1412 putarent

285 1596 350 1662 Sed
371 1598 469 1682 hujus
490 1595 583 1680 legis,
606 1615 670 1678 qua
691 1596 782 1680 patri
802 1595 1015 1663 interdictum
1026 1601 1109 1680 erat,
1130 1613 1172 1661 ue
1193 1614 1305 1678 super·

200 1695 336 1762 stitibus
358 1697 435 1763 filiis
457 1697 610 1780 genuinis
631 1701 865 1764 testamentum
886 1698 1015 1763 faceret
1045 1716 1128 1764 neve
1150 1695 1223 1762 aliis
1245 1713 1306 1762 sua

199 1795 340 1881 legaret,
361 1816 431 1864 una
453 1796 581 1879 quidem
605 1799 686 1863 data
708 1802 783 1863 erat
804 1797 967 1880 exceptio:
991 1798 1031 1863 de
1052 1799 1116 1863 hac
1137 1801 1248 1862 autem
1269 1813 1306 1860 re

202 1897 360 1992 certiores
382 1897 465 1964 iacti
487 1917 599 1964 sumus
621 1896 775 1982 formula,
809 1916 905 1978 quam
927 1896 1023 1979 hujus
1046 1895 1204 1962 orationis
1226 1895 1244 1978 ξ
1266 1897 1305 1960 31

199 1998 359 2064 lnsertam
381 1998 540 2065 videmus.
583 2001 694 2079 Atque
714 1998 797 2063 haec
818 2001 895 2063 sunt
916 1997 1020 2062 verba
1040 1996 1142 2080 legis:

322 2112 378 2179 “Orc
413 2115 452 2179 ἂν
485 2115 611 2203 γνησίων
641 2115 736 2179 ὄντων
776 2116 847 2179 υἱῶν
880 2117 897 2176 b
931 2115 1031 2201 πατὴρ
1060 2112 1215 2200 διαθῆται,
1254 2111 1307 2174 ἐὰν

325 2215 518 2280 ἀποθάνωσιν
534 2217 560 2278 οἱ
577 2217 649 2292 υἱεῖς
663 2217 730 2300 πρὶν
753 2215 800 2278 ἐπὶ
821 2213 917 2289 abac
936 2213 1026 2299 ἡβᾶν,
1047 2213 1100 2298 τὴν
1121 2214 1173 2274 τοῦ
1193 2212 1310 2293 πατρὸς

326 2315 473 2404 διαθήκην
494 2315 599 2400 κυρίαν
622 2315 704 2379 εἶναι.

287 2446 379 2530 Quae
400 2451 504 2515 verba
525 2447 673 2532 plerique
693 2447 758 2514 viri
785 2445 895 2512 docti¹
919 2444 969 2510 ita
998 2445 1241 2528 intellexerunt,
1271 2446 1309 2508 ut

203 2547 440 2631 conjungerent
462 2547 601 2614 mediam
623 2552 752 2631 partem
774 2567 846 2614 cum
866 2546 982 2612 ultima
1004 2551 1103 2627 atque
1132 2547 1194 2611 hoc
1215 2544 1309 2609 modo

202 2651 389 2716 verterent:
414 2650 520 2735 „quod
542 2648 776 2733 superstitibus
797 2647 871 2714 filiis
893 2645 1052 2730 legitimis
1073 2651 1171 2729 pater
1191 2643 1310 2710 fecerit

206 2753 452 2833 testamentum,
474 2749 509 2815 id
530 2755 600 2816 tum
621 2750 747 2815 demum
761 2753 870 2814 ratum
885 2751 962 2829 esto,
985 2747 1014 2812 si
1028 2746 1087 2812 illii
1101 2751 1180 2812 ante
1193 2745 1310 2826 puber-

205 2851 309 2914 tatem
332 2849 565 2917 decesserint.“
608 2851 656 2914 At
677 2849 705 2914 si
735 2847 794 2914 filii
818 2846 959 2931 legitimi
983 2845 1180 2929 superstites
1206 2852 1309 2926 erant,

201 2965 482 3028 supervacaneum
494 2953 567 3014 erat
582 2953 683 3029 atque
697 2947 816 3014 Isaeo²
836 2954 972 3014 auctore
989 2967 1030 3013 ne
1046 2946 1166 3012 licebat
1181 2945 1310 3027 quidemr

203 3050 438 3114 testamentum
460 3049 589 3130 facere,
611 3066 673 3128 quo
696 3047 754 3113 filii
775 3047 914 3114 heredes
935 3046 1205 3114 instituebantur.
1249 3047 1310 3111 Vo-

202 3146 318 3211 cabulo
340 3147 446 3230 igitur
469 3149 524 3230 ὅτι,
559 3166 631 3212 cum
664 3147 741 3212 filiis
773 3146 931 3231 legitimis
963 3146 1196 3232 superstitibus
1229 3146 1310 3212 alios

201 3244 340 3310 heredes
374 3245 552 3312 instituere
586 3265 650 3312 non
684 3245 824 3331 licuerit,
860 3247 970 3313 nullae
1005 3247 1069 3313 nisi
1105 3248 1144 3314 de
1179 3245 1311 3329 legatis,

202 3363 374 3411 servorum
395 3345 704 3412 manumissionibus
726 3347 866 3428 aliisque
888 3346 1045 3430 ejusmodi
1066 3348 1164 3415 rebus
1194 3349 1312 3415 consti·

202 3445 346 3512 tutiones
369 3444 520 3531 intellegi
536 3450 686 3530 possunt.
730 3446 826 3511 Talia
848 3451 960 3514 autem
981 3453 1161 3530 praecepta
1181 3449 1312 3515 minime

203 3544 368 3625 quadrant
389 3545 432 3611 ad
455 3564 495 3612 ea
517 3564 602 3628 quae
623 3550 814 3629 sequuntur,
837 3566 913 3612 narn
933 3566 999 3613 non
1023 3546 1151 3632 dicitur,
1172 3548 1250 3631 quid
1271 3549 1312 3614 de

203 3663 239 3710 re
260 3643 419 3710 familiari
440 3645 515 3728 ipsa
536 3646 596 3714 liat
625 3650 860 3729 postmortem
883 3647 1031 3713 filiorum.
1089 3648 1197 3732 Quare
1219 3670 1313 3732 prae·

203 3741 341 3808 ferenda
363 3747 414 3808 est
436 3745 545 3812 altera
567 3743 794 3829 constructio,³
822 3765 887 3828 qua
908 3749 1016 3814 media
1043 3767 1122 3829 pars
1152 3750 1312 3815 formulae

204 3842 413 3926 conjungitur
436 3863 508 3911 cum
534 3845 645 3928 prima
673 3850 707 3913 et
735 3845 941 3913 adverbum
970 3846 1110 3935 διαθῆται
1139 3848 1313 3931 suppletur

205 3939 341 4023 doering
363 3940 413 4008 ita
433 3948 472 4010 ut
492 3946 554 4011 hoc
575 3945 620 4012 sit
641 3952 886 4028 argumentum:
921 3946 1106 4031 „Quidquid
1128 3956 1226 4031 pater
1243 3949 1312 4032 jam

288 4111 296 4138 ¹
316 4108 350 4162 cf.
367 4105 447 4163 Blass
465 4109 482 4166 l.
500 4109 517 4164 l.
535 4127 561 4180 p.
578 4111 643 4176 4743
667 4129 721 4168 van
739 4113 790 4168 den
806 4113 844 4168 Es
862 4115 879 4168 l.
898 4115 914 4168 l.
933 4131 958 4182 p.
977 4114 1023 4175 863
1046 4113 1121 4168 Gens
1138 4113 1156 4167 l.
1174 4114 1191 4167 l.
1210 4131 1235 4184 p.
1255 4113 1312 4168 386.

289 4193 300 4222 ¹
319 4191 353 4246 ci.
372 4191 444 4246 isaei
463 4197 532 4248 orat.
551 4194 567 4246 6
587 4193 603 4259 ξ
620 4195 661 4249 28

288 4277 298 4307 ⁸
316 4275 417 4329 Eodem
435 4275 513 4330 modo
533 4276 674 4331 Thalbeim
691 4278 709 4331 l.
727 4279 744 4332 l.
761 4295 787 4345 p.
806 4282 837 4333 li
853 4279 936 4334 verba
956 4280 1137 4400 intellegit?
