3236 4924
809 420 849 480 38

281 616 385 700 patris
405 615 546 698 finxisse,
567 617 627 682 hoa
647 614 725 681 mihi
740 614 790 682 vir
811 613 1012 681 doctissimus
1033 617 1139 680 mente
1152 618 1386 696 pramooupata

278 716 440 800 judicasse
461 716 597 782 videtur.
640 716 728 782 Nam
756 734 827 780 aum
854 714 935 781 satis
963 719 1089 781 constet
1109 712 1324 779 Athenienses
1352 713 1385 779 in

282 816 435 883 addendis
463 815 641 882 nominibus
671 815 774 897 patris
802 818 836 880 et
864 812 940 897 pagi
964 812 1261 907 neglegentissimos
1288 812 1386 879 fuisse

282 923 380 999 atque
401 922 469 983 tum
491 916 626 999 simplex
646 934 760 982 nomen
781 914 940 997 posuisse,
967 919 1036 980 tum
1056 915 1110 982 vel
1131 932 1227 980 unum
1257 931 1297 979 ex
1321 913 1385 980 illis

282 1018 460 1086 nominibus
482 1019 535 1086 vel
556 1022 725 1099 utrumque
745 1015 924 1099 adjecisse,¹
946 1034 1006 1097 quo
1032 1015 1105 1099 jura
1127 1015 1290 1097 postulare
1316 1031 1385 1095 pos·

287 1139 405 1202 sumus,
427 1123 464 1185 ut
484 1137 598 1185 nomen
619 1115 770 1200 Dionysii
790 1115 892 1198 patris
914 1116 991 1182 alibi
1012 1135 1134 1198 quoque
1155 1113 1283 1182 exstet?

366 1403 495 1470 Neaera
516 1407 553 1468 ut
574 1419 644 1466 oum
664 1399 781 1483 Lysia,
809 1398 857 1465 ita
884 1405 998 1483 postea
1024 1419 1095 1466 aum
1123 1399 1210 1468 Simo
1231 1398 1386 1465 Thessalo

281 1523 349 1570 rem
369 1503 496 1584 habuit,
517 1501 551 1568 id
572 1500 654 1582 quod
676 1501 898 1582 comprobatur
919 1499 1100 1568 testimonio
1121 1498 1140 1584 ξ
1162 1504 1218 1565 32;

409 1617 579 1705 Εὐφίλητος
605 1617 745 1703 Σίμωνος
770 1617 928 1694 Αἰξωνεύς,
960 1615 1172 1703 Ἀριστόμαχος
1197 1616 1387 1704 Κριτοδήμου

407 1716 610 1806 Ἀλωπεκῆθεν
639 1721 848 1802 μαρτυροῦσιν
880 1717 992 1782 είδέναι
1023 1717 1122 1803 Σῖμον
1155 1719 1205 1781 τὸν
1241 1716 1387 1780 Θετταλὸν

408 1817 592 1904 ἀφικόμενον
612 1817 751 1907 Ἀθήναζε
774 1818 819 1894 είς
838 1819 874 1882 τὰ
900 1817 1100 1907 Παναθήναια
1128 1817 1164 1882 τὰ
1188 1816 1316 1902 μεμίλα,
1338 1819 1386 1880 καί

406 1916 473 2003 μετ’
496 1918 591 1982 αὐτοῦ
608 1918 777 2007 Νικαρέτην
791 1920 839 1982 καί
855 1918 988 2002 Νέαιραν
1010 1919 1063 2005 τὴν
1079 1919 1140 1982 νυνί
1154 1916 1384 2004 ἀγωνιζομένην·

410 2020 458 2082 καὶ
479 2018 659 2100 κατάγεσθαι
681 2016 794 2094 αότοδς
814 2017 897 2102 παρὰ
920 2017 1083 2106 Κτησίππῳ
1107 2019 1152 2103 τῷ
1168 2017 1199 2082 Γ
1192 2017 1386 2092 λαυκωνίδοο,

409 2120 458 2182 καὶ
485 2116 638 2202 συμπίνειν
663 2115 731 2201 μετ’
765 2116 866 2181 αὐτῶν
899 2117 1033 2202 Νέαιραν
1065 2118 1109 2194 ὡς
1139 2116 1262 2202 ἑταίραν
1294 2116 1387 2182 οὖσαν

408 2220 457 2282 καὶ
493 2216 591 2282 ἄλλων
627 2217 746 2281 πολλῶν
782 2217 943 2301 παρόντων
980 2219 1030 2281 καὶ
1060 2219 1266 2302 συμπινόντων
1302 2217 1387 2301 παρὰ

411 2317 585 2408 Κτησίππῳ.

365 2454 406 2520 In
435 2454 495 2518 hoa
520 2449 700 2518 testimonio
721 2452 1004 2518 Westermannum
1032 2452 1112 2519 nihil
1143 2451 1230 2518 aliud
1258 2451 1388 2518 offendit

282 2553 345 2619 nisi
385 2552 468 2634 quod
505 2550 694 2634 significatio
729 2553 773 2635 τῷ
803 2551 972 2640 Κυδαντίδῃ
1002 2552 1109 2621 verbis
1144 2552 1308 2640 Κτησίππῳ
1345 2554 1390 2636 τῷ

287 2652 307 2716 I
311 2651 496 2716 1λαυκωνιίιοο
515 2670 579 2718 non
600 2651 751 2735 apposita
779 2651 835 2733 sit;
858 2653 914 2718 sed
934 2654 1014 2719 haee
1035 2652 1164 2719 offensio
1188 2652 1268 2719 nihil
1288 2652 1386 2734 valet,

283 2773 353 2819 eum
379 2751 595 2819 Athenienses
621 2752 654 2818 in
687 2752 865 2819 nominibus
892 2753 1041 2821 notandis
1062 2773 1125 2820 non
1151 2753 1212 2820 sibi
1241 2756 1387 2818 constare

279 2853 348 2936 jam
377 2857 474 2918 antea
502 2851 621 2918 dietum
655 2852 706 2918 sit.
761 2852 882 2920 Contra
910 2872 949 2919 ex
981 2855 1044 2920 hac
1074 2853 1145 2936 ipsa
1179 2872 1215 2919 re
1249 2851 1388 2919 fortasse

284 2957 505 3035 argumentum
542 2953 688 3035 quamvis
723 2953 795 3022 leve
836 2953 1039 3021 auctoritatis
1074 2953 1248 3021 testimonii
1286 2950 1387 3034 repeti

282 3056 403 3135 potest;
429 3071 504 3118 nam
529 3051 706 3135 falsarium,
732 3052 762 3120 si
787 3053 895 3121 verbis
924 3054 1059 3120 oratoris
1090 3054 1124 3120 in
1155 3054 1292 3121 formula
1317 3071 1387 3118 eon-

282 3151 417 3218 ficienda
448 3171 523 3218 usus
557 3157 656 3234 esset,
689 3152 772 3218 hana
803 3172 924 3235 quoque
958 3153 1218 3237 significationem
1251 3152 1386 3219 nansia-

286 3258 392 3318 turum
413 3253 511 3320 fuisse
525 3253 783 3320 existimaverim.
827 3253 1019 3336 ceteroquin
1033 3261 1140 3321 autem
1160 3274 1263 3335 neque
1285 3254 1387 3320 forma

282 3373 384 3435 neque
424 3373 526 3421 sermo
561 3374 664 3435 neque
702 3359 923 3438 argumentum
954 3356 1046 3439 hujus
1085 3355 1258 3422 testimonii
1289 3356 1386 3422 ullam

283 3452 484 3520 offensionem
498 3455 640 3538 praebet,
656 3455 711 3520 sed
726 3453 823 3520 etiam
839 3455 967 3523 nomina
982 3455 1112 3522 testium
1127 3455 1227 3523 alibi¹
1247 3460 1386 3522 exstant.

337 3736 476 3921 §Quare
497 3743 698 3804 transeamus
720 3739 762 3805 ad
784 3740 1028 3807 examinandum
1049 3740 1281 3825 testimonium,
1305 3741 1388 3823 quod

281 3836 315 3903 in
377 3844 416 3904 36
441 3843 566 3906 exstat:

370 4078 377 4104 ¹
395 4073 454 4128 Hoc
470 4074 586 4128 manime
603 4080 716 4144 apparet
734 4091 768 4129 ex
784 4075 875 4130 titulis
892 4075 993 4129 atticis.

283 4244 344 4295 orat
367 4158 437 4310 ¹405}
446 4159 487 4298 {5
492 4159 515 4213 Ι.
533 4159 564 4213 G.
582 4160 635 4213 vol.
650 4160 661 4213 l
675 4176 701 4227 p.
713 4159 763 4214 307
775 4165 804 4214 et
816 4162 879 4225 3093
897 4159 1037 4214 Demosth.
1056 4164 1124 4214 orat
1141 4161 1175 4214 23
1192 4159 1208 4226 ἓ
1227 4159 1258 4212 13
1275 4163 1304 4213 et
1322 4159 1381 4222 1313
