3236 4924
795 397 865 457 56.

220 642 226 654 .
266 589 350 686 enirn
372 589 423 674 vir
446 577 652 657 doctissimus
681 595 723 658 ab
751 591 845 658 initio
873 593 1002 674 quidem
1031 594 1269 677 Bacchanalia,
1299 616 1371 661 curn

266 695 455 774 agerentur,
478 711 519 757 ne
541 712 681 774 unquam
698 712 738 757 ex
757 692 921 757 hominum
936 693 1053 758 animis
1075 694 1230 758 memoria
1248 695 1372 761 Bacchi

266 791 335 856 dies
349 790 471 857 natalis
487 791 681 875 discederet,
696 792 863 858 nominata
878 811 951 858 esse
967 793 1100 874 delibem
1113 799 1230 874 postea
1251 801 1370 878 autem,
1433 810 1436 815 ·
1498 798 1542 841 '-=
1591 793 1592 818 *

266 907 337 954 cum
352 891 501 958 Bacchus
523 893 629 976 magis
652 892 821 976 magisque
837 893 925 976 deus,
950 895 1040 977 cujus
1056 895 1182 958 tutelae
1195 895 1372 977 praecipue

266 989 377 1055 vinum
393 997 490 1074 esset,
514 996 700 1074 putaretur,
724 995 784 1058 hoc
799 1013 915 1058 nomen
931 998 1093 1058 mutatum
1109 1011 1180 1057 esse
1195 992 1229 1056 in
1246 992 1368 1059 deplora.

267 1089 345 1154 Cum
378 1096 487 1156 autem
508 1091 552 1156 ¹in
578 1093 717 1173 optimis
751 1093 915 1159 codicibus
943 1092 1132 1174 reperiatur
1158 1111 1223 1158 vox
1251 1092 1372 1174 deripere

266 1209 372 1270 neque
393 1189 433 1258 in
445 1192 659 1278 jurejurando
682 1210 808 1273 qnoque
836 1193 974 1257 sormam
1002 1196 1162 1256 mutatam
1193 1210 1265 1256 esse
1287 1191 1373 1256 veri-

266 1288 371 1355 simile
386 1289 439 1368 sit,
452 1291 531 1355 mihi
543 1293 671 1372 quidem
686 1292 792 1356 forma
809 1290 927 1373 deripio
942 1290 1130 1373 recipienda
1146 1310 1217 1356 esse
1229 1292 1372 1358 videtur.

267 1389 338 1454 Hac
361 1394 470 1456 autem
492 1410 572 1467 voce
594 1409 666 1457 curn
687 1391 909 1456 Bacchanalia
929 1391 1055 1456 rustica
1084 1389 1266 1474 significari
1287 1393 1374 1457 Har·

266 1490 437 1570 pocration
452 1493 545 1557 nobis
561 1491 748 1573 tradiderit,
762 1495 877 1555 contra
891 1489 1056 1574 Ἰοβάκχεια
1072 1491 1114 1556 ad
1130 1509 1213 1572 qnae
1228 1491 1374 1556 Baccha-

266 1588 356 1654 nalia
378 1589 568 1671 pertineant
589 1610 654 1656 non
676 1596 816 1657 constat.

352 1698 416 1763 Sed
450 1704 488 1764 ut
527 1700 570 1765 ad
615 1699 863 1765 examinandam
902 1699 1061 1764 formulae
1104 1698 1199 1764 fidem
1240 1702 1376 1766 acceda-

266 1816 353 1883 mus,
383 1817 441 1864 nos
474 1819 559 1867 nuno
589 1800 718 1882 quidem
756 1800 888 1865 dehac
926 1818 963 1864 re
999 1799 1082 1864 nihil
1110 1799 1193 1865 certi
1221 1800 1373 1881 proferre

267 1917 363 1981 posse
385 1899 602 1967 confitendum
624 1908 683 1967 est.
728 1901 807 1966 Cum
830 1893 914 1965 enim
933 1900 1159 1983 jusJurandum
1187 1900 1276 1965 nullo
1308 1901 1373 1967 alio

266 1999 335 2064 loco
358 2000 526 2082 landetur,
555 2002 590 2066 id
611 2003 703 2066 modo
733 1999 847 2080 quaeri
869 2004 992 2082 potest,
1015 2019 1090 2065 num
1113 2001 1210 2082 haec,
1233 2001 1372 2081 quaein

268 2098 395 2167 tradita
416 2100 554 2166 formula
575 2100 696 2182 insunt,
718 2100 784 2165 illis
806 2099 1013 2180 temporibus.
1027 2120 1063 2166 re
1078 2119 1158 2166 vera
1169 2103 1284 2183 jurata
1300 2120 1373 2166 esse

266 2198 447 2291 putandum
479 2199 540 2280 sit;
573 2221 678 2283 neque
710 2200 788 2266 mihi
819 2199 853 2264 in
885 2199 1025 2264 formula
1057 2200 1231 2281 quidquam
1265 2200 1374 2266 inesse

266 2299 414 2383 videtur,
444 2303 530 2381 qnod
557 2301 651 2366 nohis
679 2300 866 2382 scrupulum
894 2298 1016 2365 inicere
1044 2299 1158 2381 possit.
1212 2301 1374 2366 Fortasse

271 2406 380 2465 autem
415 2401 538 2466 obiciat
570 2401 731 2483 quispiam
761 2400 927 2480 complura
954 2399 988 2463 in
1015 2400 1156 2464 formula
1181 2399 1373 2482 desiderari,

266 2503 304 2564 ut
325 2499 457 2566 nomina
478 2501 612 2567 deornm
633 2501 860 2566 invocatorem
875 2499 928 2564 vel
943 2499 1196 2565 affirmationem
1212 2499 1372 2580 civitatis3

267 2619 348 2682 quas
371 2605 485 2682 partes
506 2603 548 2666 ab
570 2607 702 2666 oratore
724 2602 860 2668 omissas
889 2621 961 2668 esse
990 2621 1055 2667 uon
1078 2601 1278 2684 putaverim,
1301 2621 1373 2668 cum

267 2700 318 2766 his
350 2699 431 2781 ipsis
460 2699 621 2765 sanctitas
651 2705 685 2766 et
715 2701 862 2784 dignitas
895 2701 1090 2766 cerimoniae
1119 2701 1213 2782 quasi
1239 2700 1273 2766 iu
1300 2721 1374 2767 con·

267 2805 382 2881 spectu
412 2800 591 2865 animorum
621 2807 816 2883 poneretur,
839 2801 874 2866 id
906 2802 992 2882 qnod
1024 2805 1137 2866 orator
1167 2801 1229 2866 sibi
1258 2821 1374 2883 propo-

267 2907 399 2980 suerat3
422 2883 458 2966 a’t
479 2901 624 2966 fortasse
645 2900 738 2982 ipsae
760 2905 856 2966 erant
878 2901 959 2967 tales
983 2902 1035 2966 vel
1057 2902 1248 2984 conjunctae
1277 2909 1375 2968 erant

184 3020 186 3028 ’
268 3018 339 3065 oum
368 3001 506 3083 talibus,
530 3018 610 3081 quas
641 3001 815 3066 enuntiare
847 3019 912 3065 non
941 3001 1072 3066 licebat.
1123 2999 1257 3066 Diserte
1289 3001 1373 3066 enim

269 3104 382 3165 orator
404 3105 438 3165 et
460 3107 538 3166 ante
560 3101 731 3166 formulam
755 3107 789 3166 et
812 3107 888 3182 post
910 3120 982 3166 earn
1003 3100 1171 3166 laudatam
1202 3100 1283 3166 dicit
1309 3120 1375 3166 non

268 3200 376 3267 omnia
399 3201 495 3284 hujus
517 3202 624 3266 cultus
645 3201 802 3279 instituta
824 3200 997 3266 enuntiare
1018 3194 1128 3267 licere

352 3308 444 3392 Quod
466 3315 576 3375 autem
598 3309 828 3375 Mommsenius
850 3308 1010 3392 gravibus
1032 3308 1140 3374 causis
1168 3327 1232 3374 non
1263 3298 1374 3376 allatis

267 3409 440 3474 formulam
456 3408 631 3492 genuinam
648 3427 719 3475 esse
738 3411 852 3491 negat,
875 3407 954 3473 mihi
971 3407 1099 3488 quidem
1114 3428 1178 3473 non
1193 3411 1373 3494 persuasit;

267 3528 343 3574 narn
366 3528 561 3590 quamquam
582 3510 616 3576 in
638 3508 848 3592 dijudicanda
869 3509 931 3573 hac
952 3508 1092 3574 formula
1115 3509 1262 3574 omnibus
1284 3510 1375 3575 auxi·

267 3610 321 3675 liis
353 3609 508 3675 destituti
536 3629 662 3691 sumna,
690 3615 802 3674 tamen
830 3609 864 3674 id
890 3628 995 3674 unum
1017 3609 1161 3674 fortasse
1189 3609 1232 3674 ad
1261 3611 1375 3675 confir·

267 3709 419 3774 mandam
455 3709 614 3775 formulae
649 3708 745 3774 fidem
781 3708 901 3774 afferre
934 3708 1110 3791 possimne,
1153 3710 1238 3789 quod
1269 3698 1375 3791 neque

268 3828 416 3876 sermone
442 3829 547 3890 neque
575 3816 770 3892 argumento
798 3828 839 3874 ex
867 3809 1016 3874 oratione
1044 3808 1133 3874 illam
1162 3810 1375 3892 compositam

269 3928 340 3976 esse
373 3911 543 3993 probabile
575 3916 636 3976 est.
691 3910 785 3975 Unde
820 3916 930 3976 autem
962 3911 1144 3992 falsarium,
1179 3911 1234 3993 qni
1266 3914 1374 3992 poste·

268 4010 412 4076 rioribus
435 4012 561 4076 demum
584 4010 784 4092 temporibus
799 4011 973 4077 formulam
991 4010 1209 4092 composuisse
1226 4016 1374 4092 putatur,

268 4110 332 4176 sibi
353 4109 506 4177 notitiam
527 4110 653 4176 formae
681 4118 715 4175 et
737 4112 925 4194 argumenti
953 4111 1049 4193 hujus
1073 4109 1293 4193 jurisjurandi
1318 4130 1374 4191 pa-

268 4229 361 4277 rasse
384 4209 560 4292 putemus?
