3236 4924
344 1197 524 1282 Postquam
541 1195 610 1279 jam
632 1196 823 1262 dissertatio
846 1216 918 1262 mea
939 1198 1030 1281 typis
1052 1199 1221 1283 exscripta
1245 1207 1306 1283 est,
1329 1200 1364 1266 in
1469 1199 1474 1209 '

261 1297 343 1362 Mus.
367 1297 472 1362 Rhen.
494 1297 556 1364 vol.
579 1299 620 1362 40
643 1317 674 1379 p.
697 1299 758 1362 377
773 1318 821 1379 sq.
843 1298 1021 1366 Kirohneri
1041 1301 1082 1367 de
1103 1301 1363 1367 testimoniorum
1429 1293 1433 1300 ’

261 1397 408 1462 formulis
430 1396 464 1462 in
486 1397 667 1463 orationem
690 1398 848 1464 adversus
866 1399 1028 1464 Neaeram
1050 1400 1185 1466 insertis
1208 1420 1364 1467 commen-

261 1496 345 1562 tatio
369 1497 459 1562 edita
481 1501 541 1562 est.
585 1497 658 1580 Qua
679 1499 714 1562 in
736 1499 928 1579 quaestione
950 1498 1002 1564 vir
1028 1499 1234 1566 doctissimus
1264 1499 1364 1582 pluri·

260 1595 322 1662 mis
354 1597 433 1661 loeis
455 1596 539 1662 idem
562 1597 702 1680 censuit,
730 1598 815 1679 quod
841 1598 921 1663 mihi
944 1618 1071 1681 quoque
1097 1600 1235 1684 placuit,
1264 1605 1364 1684 atque
1391 1685 1394 1690 Ι

261 1695 362 1761 etiam
384 1696 551 1777 complura
572 1696 605 1762 in
632 1697 829 1764 testimoniis
855 1704 1108 1765 commemorata
1132 1702 1264 1767 nomina
1290 1701 1364 1768 aliis

261 1814 389 1876 quoque
424 1797 504 1862 locis
540 1801 673 1862 exstare
709 1798 948 1864 demonstravit
979 1806 1013 1864 et
1045 1799 1126 1865 duas
1160 1803 1364 1885 conjecturas

261 1895 422 1978 protueit,
452 1916 589 1978 quarum
622 1899 750 1964 altera¹
781 1898 860 1963 mihi
891 1899 1070 1980 probabilis
1097 1900 1237 1968 videtur.
1280 1903 1365 1968 Non·

261 1994 358 2061 nullis
380 1999 490 2061 autem
511 1997 601 2076 loeis,
624 1998 710 2063 utin
725 1997 950 2064 examinandis
965 1999 1173 2083 testimoniis,
1189 2001 1229 2066 de
1248 2001 1364 2084 quibus

261 2114 292 2176 p.
314 2095 371 2177 39,
399 2096 457 2176 41,
478 2096 537 2178 45,
570 2096 612 2161 49
645 2097 827 2180 disputavi,
861 2097 913 2162 vir
946 2098 1152 2164 doctissimus
1187 2120 1223 2166 eo
1256 2103 1366 2168 studio

261 2194 434 2277 impulsus
456 2200 494 2260 ut
526 2195 683 2264 formulas
713 2216 823 2264 omnes
850 2199 893 2263 ad
921 2218 1018 2264 unam
1048 2199 1208 2281 genuinas
1238 2202 1365 2268 demon·

261 2301 399 2376 straret,
433 2295 626 2363 offensiones
666 2300 707 2363 ab
740 2298 942 2364 adversariis
977 2299 1126 2380 prolatas
1158 2300 1282 2370 minimi
1313 2303 1365 2368 vel

261 2396 382 2463 nuliius
406 2398 533 2462 omnino
555 2398 711 2465 momenti
732 2418 804 2464 esse
826 2398 1005 2482 Judioavit,
1032 2418 1129 2480 quam
1156 2406 1267 2466 tamen
1293 2421 1365 2467 sen·

265 2499 406 2564 tentiam
429 2518 493 2564 non
514 2499 621 2581 magis
645 2501 857 2581 comprobare
882 2518 1013 2581 possum
1029 2519 1125 2580 quam
1143 2502 1365 2582 quaestionem

261 2599 302 2665 de
329 2599 565 2681 Philostrato,²
591 2598 743 2681 Dionysii
769 2598 845 2680 filio,
866 2599 1064 2664 institutam.

349 2768 357 2794 ¹
375 2763 522 2831 Proposuit
539 2764 704 2818 Kirohnerus
722 2765 749 2818 in
768 2765 783 2833 ξ
801 2766 850 2820 105
869 2764 914 2832 (of.
933 2765 1013 2834 hujus
1031 2765 1130 2833 disput.
1143 2783 1168 2833 p.
1182 2765 1227 2832 51)
1240 2781 1287 2836 pro
1300 2782 1365 2820 vooe

262 2851 434 2918 γεγενημένην
453 2846 620 2901 scribendum
638 2863 696 2902 esse
713 2853 899 2920 γεγενημένων.

344 2933 354 2962 ¹
371 2930 538 2985 Philostrato
556 2935 588 2984 ut
605 2931 703 2998 Lysiae
729 2931 815 2985 amieo
833 2931 922 2985 minus
940 2933 1120 3000 quadraginta
1138 2948 1222 2986 annos
1245 2931 1365 2986 tribuere

259 3029 313 3067 non
330 3013 411 3068 licere
424 3013 558 3067 existimo.
594 3013 665 3068 Huic
683 3014 834 3069 sententiae
851 3030 906 3068 non
923 3015 1022 3082 obstat,
1041 3016 1112 3082 quod
1130 3015 1313 3069 Philostratus
1332 3015 1365 3069 ab

261 3104 367 3152 oratore
385 3097 467 3172 ᾔθεος
484 3097 662 3166 significatur,
681 3113 743 3151 nam
761 3098 812 3152 hac
827 3097 954 3151 vooehoo
971 3098 1029 3152 looo
1045 3114 1099 3152 non
1113 3097 1302 3164 adolescentia,
1320 3099 1367 3152 sed

260 3180 408 3236 caelibatus
427 3181 574 3249 significari
591 3180 657 3234 mihi
675 3181 781 3247 quidem
799 3180 915 3235 videtur.
