3236 4924
758 355 797 417 33

231 550 383 618 orationis
398 569 476 617 suae
488 549 579 617 initio
595 550 763 636 significat,
775 571 838 633 qua
851 552 923 635 lege
933 551 1164 619 Theomnastus
1175 551 1336 620 Neaeram

230 651 264 717 in
281 649 436 734 judicium
457 650 631 721 vocaverit.
673 651 886 735 herentem,
909 671 989 734 quae
1017 654 1077 719 hoc
1102 652 1171 718 loco
1199 651 1336 718 oratoris

230 750 338 818 verbis
359 751 481 820 inserta
502 757 562 836 est,
583 754 642 819 hoc
662 753 754 829 modo
775 752 910 837 legitur:

355 885 419 950 Ἐὰν
451 886 486 950 δὲ
520 885 606 960 ξένος
635 888 712 974 ἀστῇ
737 887 862 973 συνοικῇ
889 886 978 974 τέχνη
1004 885 1023 974 ῇ
1046 888 1171 974 μηχανῇ
1199 883 1336 973 ᾑτινιοῦν,

356 986 523 1072 ῇοιιφέσθω
547 990 627 1071 πρὸς
648 986 722 1056 τοὺς
735 987 925 1071 θεσμοθέτας
937 986 1096 1075 Ἀθηναίων
1110 991 1128 1048 b
1142 987 1336 1071 βουλόμενος,

358 1085 404 1155 οἷς
416 1084 537 1160 ἔξεστιν.
561 1086 614 1149 ἐὰν
629 1087 664 1150 δὲ
679 1089 752 1172 ἁλῷ,
775 1086 944 1171 πεπράσθω
966 1088 1015 1150 καὶ
1030 1087 1124 1157 αὐτὸς
1141 1089 1189 1151 καὶ
1210 1087 1229 1173 is
1252 1084 1337 1148 οθσῖο

358 1186 451 1250 αὐτοῦ
464 1236 471 1266 ,
484 1187 541 1250 ,καὶ
564 1189 597 1250 τὸ
623 1185 719 1271 τρίτον
737 1187 837 1272 μέρος
862 1186 940 1250 ἔστω
964 1191 1017 1251 τοῦ
1039 1188 1167 1256 ἑλόντος.
1202 1185 1280 1250 ἔστω
1302 1187 1337 1250 δὲ

357 1287 405 1350 καὶ
437 1286 490 1349 ἐὰν
522 1287 541 1372 r>
567 1285 637 1374 ξένη
659 1289 704 1371 τῷ
723 1289 809 1372 ἀστῷ
838 1288 960 1373 συνοικῇ
990 1287 1067 1351 κατὰ
1101 1287 1207 1361 ταύτά,
1240 1288 1288 1350 καὶ
1320 1288 1337 1347 ὁ

356 1391 502 1450 συνοικῶν
526 1388 562 1473 τῇ
584 1386 653 1475 ξένη
676 1389 714 1475 τῇ
734 1388 849 1476 ἁλούση
871 1387 1018 1472 ὀφειλέτω
1035 1386 1135 1471 χιλίας
1147 1387 1293 1472 δραχμάς.

315 1536 368 1601 De
398 1536 491 1620 hujus
518 1535 674 1603 formulae
705 1536 864 1619 scriptura
896 1538 975 1604 haec
1003 1535 1135 1603 desuda
1167 1542 1253 1602 sunt:
1296 1537 1338 1602 In

210 1630 213 1636 ’
232 1635 322 1702 libris
353 1637 473 1719 scripta
495 1636 638 1703 videmus
667 1637 767 1704 verba
793 1638 942 1707 ὡσαύτως
961 1638 996 1700 δὲ
1017 1639 1066 1700 καὶ
1087 1637 1140 1700 ἐὰν
1162 1638 1180 1724 η
1203 1637 1273 1725 ξένη
1296 1641 1339 1721 τῷ

234 1738 317 1821 ἀστῷ
339 1738 462 1823 συνοικῇ
482 1738 558 1800 κατὰ
582 1736 690 1816 radam
723 1755 804 1818 quae
825 1737 924 1803 uerba
951 1736 1092 1802 mutavit
1112 1737 1281 1802 Bekkerus
1305 1736 1338 1801 in

232 1834 311 1900 ἔστω
333 1836 368 1899 δὲ
390 1837 504 1901 καὶ...
528 1836 604 1900 κατὰ
628 1837 729 1911 ταύτά,
752 1836 941 1904 Schaeferus
955 1841 1066 1902 contra
1082 1835 1130 1902 ita
1145 1836 1336 1918 emendavit,
1399 1905 1404 1915 ,

232 1940 268 2002 ut
281 1937 381 2003 verba
402 1937 478 2000 κατὰ
502 1936 598 2000 radru‘
616 1936 745 2003 deleret.
790 1936 932 2022 Quarum
955 1937 1216 2020 conjecturarum,
1231 1955 1339 2017 quam·

232 2056 327 2117 quam
354 2042 490 2118 utraque
518 2036 647 2103 offensio
681 2037 813 2119 tollitur,
847 2043 955 2102 tamen
987 2037 1129 2103 Bekkeri
1161 2037 1338 2103 emendatio

232 2142 270 2202 ut
292 2135 418 2202 facilior
437 2136 648 2219 pracferenda
669 2141 727 2204 est.

317 2238 398 2304 Tum
431 2237 644 2318 quaerendum
675 2241 734 2319 est,
757 2237 832 2318 quid
861 2237 922 2304 sibi
948 2237 1050 2305 velint
1078 2239 1178 2306 verba
1204 2236 1339 2326 τέχνηη

229 2339 371 2424 μηχανῇ;
399 2338 460 2403 viri
492 2337 575 2403 enim
608 2338 694 2403 docti
726 2338 765 2404 de
797 2340 858 2405 hae
887 2357 923 2405 re
953 2339 1038 2404 inter
1070 2358 1105 2404 se
1136 2338 1338 2405 dissentiunt.

232 2435 436 2519 Philippius¹
472 2436 597 2518 quidem
624 2442 719 2520 putat
753 2438 925 2522 significari
963 2438 1013 2504 his
1044 2437 1151 2507 verbis
1186 2438 1273 2505 dolos
1306 2443 1339 2504 et

232 2537 483 2604 machinationes
505 2537 630 2621 legibus
650 2545 875 2622 repugnantes,
898 2539 1011 2620 qrdbns
1032 2538 1191 2622 peregrini
1213 2539 1339 2605 efficere

232 2638 399 2720 studeant,
421 2643 458 2704 ut
480 2639 647 2705 conubium
675 2659 745 2706 cum
767 2640 837 2706 civ'e
861 2639 969 2720 aliqua
996 2639 1117 2706 factum
1144 2644 1249 2706 ratum
1278 2640 1338 2721 sit3

232 2742 343 2804 contra
365 2737 418 2820 qui
439 2743 516 2804 ante
537 2759 607 2805 eum
628 2739 662 2805 in
684 2740 766 2806 hane
796 2759 863 2806 rem
891 2739 1148 2822 inquisiverunt‚²
1175 2740 1339 2807 intellexa

230 2843 306 2904 runt
327 2838 556 2923 simulationes
580 2859 659 2920 quas
681 2840 832 2924 conjuges
852 2840 938 2906 inter
952 2859 987 2906 se
1001 2839 1152 2906 facerent.
1197 2839 1339 2924 Quarum

231 2939 477 3022 explicationum
498 2939 576 3006 mihi
597 2940 701 3023 magis
722 2960 770 3022 ea,
799 2960 894 3021 quam
915 2939 1091 3023 posteriore
1114 2941 1181 3006 loco
1207 2960 1339 3008 comme-

231 3039 363 3121 moravi,
378 3041 608 3122 placatusque
623 3041 706 3121 quod
720 3040 901 3123 Philippius
916 3040 1064 3123 opposuit
1077 3041 1167 3107 brevi
1187 3041 1339 3122 originem

232 3138 398 3222 conjugum
430 3140 537 3221 palam
569 3139 639 3205 fieri
660 3140 807 3207 debuisse
827 3159 930 3221 neque
954 3140 1166 3222 permultum
1188 3142 1339 3223 temporis

232 3241 329 3306 celari
350 3241 499 3324 potuisse,
522 3242 555 3307 id
577 3241 654 3307 mihi
675 3243 809 3308 multum
830 3243 940 3309 valere
960 3241 1103 3322 videtur,
1133 3260 1203 3307 cum
1231 3247 1338 3323 putem

231 3360 293 3407 non
316 3341 401 3408 inter
422 3361 530 3408 omnes
553 3342 744 3425 constitisse,
767 3349 871 3409 utrum
894 3342 1012 3426 singuli
1027 3342 1169 3408 homines
1191 3341 1276 3409 cives
1298 3362 1339 3408 an

231 3442 392 3526 peregrini
426 3449 541 3509 essent
601 3444 648 3508 At
679 3443 805 3510 omnino
836 3463 899 3510 non
930 3448 1008 3525 puto
1040 3443 1140 3509 verba
1173 3447 1340 3525 tantopere

230 3544 404 3625 promenda
434 3561 519 3617 esse,
553 3543 610 3608 sed
637 3545 721 3609 hanc
752 3543 921 3610 formulam
947 3544 980 3610 in
1014 3543 1136 3626 legibus
1164 3546 1197 3608 et
1227 3543 1339 3609 edictis

230 3642 497 3725 usitatissimam,³
513 3642 610 3709 latius
626 3649 738 3726 patere
757 3663 860 3725 neque
875 3644 962 3710 aliud
979 3644 1148 3725 quidquam
1162 3642 1340 3726 significare

231 3741 295 3807 nisi
318 3744 483 3827 „qualibet
503 3743 648 3826 improba
669 3744 754 3813 via.“

316 3946 323 3974 ¹
343 3942 377 4000 cf.
396 3943 523 4012 Philippi,
542 3945 625 4012 symb.
646 3946 680 3999 ad
697 3945 839 3999 historiam
856 3944 978 4000 civitatis
995 3945 1096 3998 atticae
1112 3959 1138 4012 p·
1157 3945 1196 3999 73.

315 4027 376 4081 ¹cf,
394 4028 517 4096 Platner,
543 4028 576 4082 de
593 4028 634 4082 lit.
653 4034 682 4083 ct
698 4033 749 4083 act.
768 4028 822 4083 vol.
844 4029 860 4081 2
884 4045 909 4096 p.
930 4029 975 4093 693
1002 4027 1115 4094 Hefftcr,
1140 4027 1158 4081 1.
1182 4028 1200 4082 1.
1224 4047 1250 4098 p.
1276 4029 1336 4092 1633

231 4125 256 4164 v.
275 4110 362 4177 dlis,
381 4111 398 4165 l.
416 4110 434 4165 l.
452 4128 477 4181 p.
496 4111 537 4166 23.
1087 4143 1091 4152 ·

314 4196 323 4226 ⁸
340 4193 471 4266 Exempla
489 4193 551 4249 vide
568 4192 597 4248 in
615 4193 745 4263 Stephani
762 4195 831 4248 thes.
849 4193 902 4249 vol.
921 4195 936 4248 7
953 4213 978 4266 p.
996 4197 1070 4252 2112.
1132 4265 1149 4317 3
