3236 4924
766 402 807 464 43

241 597 554 682 demonstravimus,
577 603 688 666 tamen
702 598 847 666 hocloco
862 617 997 681 0000000
1012 598 1137 665 reicere
1164 617 1345 682 possumus,

240 719 311 766 cum
332 700 390 766 illa
411 699 542 766 nomina
570 700 605 766 in
633 698 742 765 titulis
765 698 984 782 reperiantur.
1029 699 1189 782 Stephani
1216 699 1344 781 quidem

242 799 460 869 Antidoridae
475 803 483 836 ¹
497 799 556 865 filii
571 799 743 866 Eroeadae
758 818 875 865 nomen
890 799 1087 866 Schaeferus
1102 818 1143 866 ex
1158 800 1346 884 conjectura

239 900 389 967 restituit
403 899 437 966 in
452 899 575 982 titulo,²
589 899 645 981 qui
660 899 818 984 originem
835 901 924 966 ducit
939 917 980 965 cx
994 918 1078 965 anno
1094 918 1123 965 a.
1136 899 1210 965 Chr.
1222 919 1253 965 0.
1266 901 1346 980 347;

243 1005 343 1081 01000
372 999 401 1066 01
434 999 605 1066 10010100
632 999 858 1068 documentum
879 1006 918 1067 ut
939 1019 980 1067 ex
1002 1002 1191 1085 conjectura
1215 999 1347 1065 ductum

240 1099 371 1182 reicias,
386 1099 518 1166 titulum
528 1103 539 1135 ³
550 1100 709 1182 quendam
721 1102 872 1169 conferas
885 1101 1000 1168 annia.
1014 1101 1089 1168 Ohr.
1102 1120 1134 1166 0.
1150 1101 1265 1185 332,10
1283 1117 1345 1182 000

241 1199 427 1268 0100010010
443 1201 625 1268 Glaucetae
639 1202 699 1268 tilii
714 1201 934 1287 000110100010
949 1202 1070 1269 mentio
1085 1202 1133 1285 fit,
1156 1207 1191 1268 et
1206 1202 1346 1267 alterum

241 1301 394 1368 titulum⁴
415 1301 493 1369 anni
515 1320 546 1368 a.
562 1302 637 1369 Chr.
652 1321 683 1369 0.
698 1302 771 1385 421,
793 1302 827 1368 10
849 1321 912 1385 000
935 1307 1204 1370 commemoratur
1218 1301 1346 1370 Aristo·

241 1405 350 1467 crates
371 1399 598 1484 Phalerensis‚
625 1401 680 1484 qui
708 1400 786 1484 quin
814 1420 886 1469 cum
911 1408 1025 1469 nostro
1053 1402 1253 1470 necessitate
1274 1421 1346 1469 con·

238 1502 372 1585 junctus
393 1501 439 1568 sit
460 1501 541 1568 mihi
562 1501 692 1584 quidem
714 1501 846 1568 dubium
866 1521 931 1570 non
951 1502 1092 1571 videtur.

325 1867 425 1934 Aliud
456 1867 693 1951 testimonium,
735 1887 798 1950 quo
831 1869 993 1935 Neaeram
1035 1869 1235 1952 quibuslibet
1264 1868 1346 1936 viris

242 1986 360 2050 corpus
381 1967 571 2050 permisisse
592 1968 846 2052 demonstratur,
869 1973 982 2035 exstat
1002 1969 1036 2036 10
1058 1968 1077 2056 ξ
1098 1976 1154 2036 61:

367 2093 541 2179 Μαρτυρία·
572 2093 715 2179 Σιίτυρος
741 2091 958 2184 Ἀλωπεκῆθεν,
987 2095 1127 2180 Σαυρίας
1155 2096 1347 2182 Λαμπτρεύς,

369 2192 524 2276 Διογείτων
567 2193 727 2280 Ἀχαρνεὺς
772 2199 963 2280 μαρτυροῦσι
1006 2196 1159 2270 διαλλάξαι
1201 2196 1347 2285 διαιτηταὶ

367 2295 521 2381 γενόμενοι
543 2296 612 2380 περὶ
634 2295 768 2380 Νεαίρας
788 2301 843 2384 τῆς
862 2298 923 2361 νυνὶ
949 2296 1168 2384 ἀγωνιζομένης
1187 2295 1347 2382 Στέφανον

368 2397 416 2460 καὶ
440 2394 610 2480 Φρυνίωνα·
635 2395 689 2472 τὰς
707 2395 743 2459 δὲ
765 2396 923 2479 διαλλαγὰς
936 2395 1021 2472 εἶναι,
1043 2395 1112 2462 καθ’
1128 2397 1166 2475 ἃς
1178 2398 1346 2486 διήλλαξαν,

368 2495 435 2572 οίας
455 2495 621 2581 παρέχεται
641 2493 870 2581 Ἀπολλόδωρος.

367 2612 536 2695 Διαλλαγαί·
575 2613 659 2677 Karai
697 2614 770 2678 τάδε
801 2614 959 2703 διήλλαξαν
998 2614 1154 2701 Φρυνίωνα
1186 2617 1235 2679 καὶ
1267 2614 1347 2678 Στέ-

367 2737 472 2799 φανον,
495 2711 633 2802 χρῆσθαι
660 2714 805 2799 ἑκάτερον
834 2714 952 2803 Νεαίρᾳ
983 2715 1038 2786 τὰς
1056 2713 1124 2786 ίοας
1148 2715 1267 2803 ἡμέρας
1294 2719 1346 2779 τοῦ

363 2815 464 2902 μηνὸς
483 2813 556 2899 παρ’
579 2814 700 2883 ἑαυτοῖς
719 2812 861 2900 ἔχοντας,
884 2815 921 2879 ἂν
940 2816 985 2904 μή
1005 2840 1031 2880 τι
1051 2814 1124 2880 ἄλλο
1140 2815 1225 2880 αὐτοὶ
1246 2817 1350 2885 αὐτοῖς

365 2914 608 3003 ουῃζωρήσωοιν.

326 3081 470 3164 Quarum
497 3080 709 3148 formularum
737 3081 771 3148 in
801 3082 910 3149 altera
929 3084 1034 3150 verba
1061 3083 1115 3152 τὰς
1139 3081 1206 3152 ica<
1230 3083 1350 3169 ἡμέρας

245 3186 297 3246 τοῦ
326 3184 425 3272 μηνός
451 3182 566 3265 100010
593 3200 665 3248 0000
695 3182 863 3249 contendit
894 3183 1183 3266 Westermannus,
1216 3201 1286 3248 cum
1313 3181 1348 3248 id

243 3300 322 3349 sane
351 3283 415 3349 dici
444 3283 550 3370 possit
579 3284 619 3350 de
646 3282 788 3367 integris
818 3285 873 3366 qni
895 3291 1056 3352 vocantur
1082 3283 1259 3366 mensibus,
1290 3282 1348 3348 sed

243 3403 307 3450 non
328 3383 408 3450 item
430 3385 470 3450 de
493 3383 593 3466 cavie,
616 3383 672 3466 qui
692 3383 822 3465 quidem
842 3383 876 3450 10
898 3385 981 3451 duas
1003 3402 1101 3468 pares
1116 3389 1230 3466 partes
1245 3381 1348 3448 dividi

241 3490 416 3566 nequeant.
460 3484 524 3552 Sed
553 3485 636 3551 haec
661 3484 795 3552 offensio
822 3484 902 3550 mihi
930 3484 1082 3552 subtilior
1108 3501 1180 3550 esse
1206 3482 1347 3566 videtur,

242 3603 340 3666 quam
369 3589 407 3651 ut
431 3603 585 3668 magnam
614 3584 736 3651 civim
764 3585 923 3676 tribuam-3
952 3604 1028 3651 nam
1059 3586 1141 3651 haec
1172 3601 1253 3650 sane
1283 3601 1348 3649 non

327 3825 334 3853 ¹
353 3821 396 3875 Ad
413 3821 464 3875 hoc
480 3819 568 3888 patris
584 3836 682 3876 nomeu
704 3819 805 3889 optime
830 3820 958 3888 quadrat,
978 3821 1049 3887 quod
1071 3817 1143 3874 filius
1164 3815 1287 3873 Neaerae
1304 3818 1348 3872 vel

243 3903 375 3974 Stephani
395 3904 550 3972 appellatur
567 3902 748 3959 Antidorides.

324 3986 388 4042 ’01
405 3986 434 4042 0.
452 3988 475 4042 I.
493 3987 526 4041 A.
545 3987 598 4043 vol.
615 3987 694 4042 2111.
713 3988 775 4053 109;
802 3987 935 4055 80100100,
953 3986 970 4042 1.
989 3987 1078 4044 1οο1.
1098 3990 1110 4041 l
1129 4002 1155 4059 p.
1173 3987 1235 4056 435,
1261 3986 1313 4042 vol.
1331 3987 1348 4043 3

240 4075 311 4137 part.
329 4072 347 4124 2
363 4086 389 4137 p.
406 4071 465 4124 342.

325 4154 335 4186 ⁸
353 4153 387 4207 cf.
406 4153 435 4209 0.
453 4154 476 4208 Ι.
494 4154 527 4208 Α.
545 4153 696 4208 0012111.
714 4154 772 4208 804.

326 4237 388 4292 ‘ci
407 4237 436 4293 0.
454 4237 477 4292 Ι.
495 4237 529 4291 Α.
546 4235 601 4292 rol.
619 4237 633 4292 l
651 4235 695 4292 rit.
712 4239 771 4294 260.
