3236 4924
775 378 815 440 30

242 575 415 642 contendit.
458 575 566 658 Hujus
588 575 636 641 rei
655 594 696 642 ne
710 573 880 658 vestigium
895 574 1020 656 quidem
1034 571 1067 640 in
1081 572 1188 640 verbis
1210 571 1349 638 oratoris

244 675 411 758 reperitur,
434 676 490 741 sed
511 675 688 742 rectissime
709 677 977 741 Westermannus
999 673 1138 740 ostendit
1158 672 1258 740 verba
1280 673 1349 756 περὶ

245 778 338 841 αὐτοῦ
367 777 475 841 τούτου
496 776 711 858 βασανίζεσθαι
741 776 828 842 nullo
860 780 953 858 pacto
985 776 1027 841 ad
1059 775 1144 841 aliud
1177 772 1348 860 quidquam

245 877 404 958 pertinere
425 895 519 958 posse
539 875 601 941 nisi
627 877 669 942 ad
696 877 811 958 verba,
838 895 920 956 quae
948 895 1044 957 supra
1069 875 1146 941 fecit
1174 880 1282 941 orator
1310 873 1350 938 de

245 982 386 1060 tempore
421 976 611 1058 nuptiarum.
675 977 828 1042 Fortasse
863 981 970 1042 antem
1002 975 1080 1040 mihi
1118 994 1258 1057 opponas
1290 975 1349 1038 hoc

245 1097 369 1158 quoque
388 1079 457 1144 loco
477 1077 637 1144 inscitiam
666 1077 801 1144 oratoris
833 1097 1002 1160 apparere,
1030 1077 1083 1157 qui
1110 1076 1218 1158 inepte
1243 1075 1349 1140 verbis

245 1179 339 1242 αὐτοῦ
363 1179 471 1242 τούτου
492 1179 673 1260 hamorem,
696 1197 777 1258 qnae
798 1176 978 1243 testimonio
1000 1177 1232 1258 comprobatur,
1255 1175 1348 1258 signi·

244 1278 342 1344 ficare
362 1278 515 1360 volnerit3
550 1279 606 1344 sed
639 1277 764 1343 etiamsi
798 1279 881 1342 hano
912 1275 1103 1343 sententiam
1135 1276 1348 1357 probaremus,

246 1385 353 1445 tamen
383 1399 447 1445 non
479 1380 612 1446 multum
641 1379 877 1461 proficeremus
899 1397 968 1444 cum
997 1377 1081 1444 aliae
1107 1395 1228 1457 quoquc
1256 1377 1349 1442 otien-

246 1479 349 1546 siones
371 1479 444 1544 sint.

328 1597 369 1662 In
400 1595 582 1662 testimonio
610 1595 692 1662 enim
724 1615 864 1664 revera
892 1597 996 1662 altera
1023 1616 1099 1679 pars
1129 1614 1349 1676 eorumquae

246 1702 354 1763 orator
374 1697 579 1779 promiserat,
601 1697 836 1779 comprobans,
860 1699 915 1763 sed
944 1697 1056 1778 quibus
1077 1695 1184 1763 verbis
1211 1714 1350 1777 compro·

245 1798 354 1864 batur!
383 1799 454 1864 Iam
464 1796 615 1864 Reiskius
626 1797 761 1881 snojme
773 1798 990 1864 offendebatur
1000 1798 1167 1866 verborum
1179 1801 1350 1878 structma,

247 1903 401 1979 quaeest
432 1899 484 1961 ὅτε
516 1897 714 1982 προύκαλεῑοο
737 1899 960 1983 Αποίολόὸιορος
991 1897 1152 1982 Φορμίωνα
1185 1899 1237 1960 dre
1268 1896 1350 1984 ἠξίου

247 1999 472 2084 Απολλόοωρος
487 1998 662 2083 Φορμίωνος
679 2019 773 2080 quam
788 1997 990 2064 offensionem
1002 1997 1050 2064 ita
1065 1998 1178 2064 tollere
1192 1998 1351 2080 studebat,

247 2103 284 2165 ut
305 2103 363 2166 aut
383 2101 484 2166 verba
506 2101 558 2163 ὅτε
579 2099 663 2187 ἠξίου
685 2104 825 2166 mutaret
844 2099 878 2165 in
907 2100 955 2163 καὶ
983 2097 1066 2187 ἠξίου
1093 2104 1149 2164 aut
1170 2100 1269 2165 verba
1299 2099 1351 2162 ὅτε

247 2200 331 2288 ἠξίου
366 2199 591 2284 Ἀπολλόδωρος
626 2200 788 2284 Φορμίωνα
823 2202 1005 2275 ἀποδοῦναι,
1041 2205 1078 2266 ut
1108 2199 1298 2282 interposita
1331 2219 1350 2264 a

245 2301 378 2367 falsario
405 2299 528 2383 aliquo,
559 2319 598 2366 ex
626 2303 795 2368 verborum
822 2320 941 2367 conexu
967 2301 1103 2366 tolleret.
1147 2299 1250 2385 Quam
1281 2320 1351 2366 con·

242 2400 400 2484 jacturam
415 2420 604 2482 quamquam
621 2401 810 2468 Sohaeferus
825 2407 832 2437 ¹
853 2401 975 2485 reJecit,
997 2405 1104 2467 tamen
1119 2420 1188 2466 cum
1203 2401 1352 2466 Beelsio²

247 2501 442 2584 ingeniosam
463 2519 565 2581 neque
584 2500 633 2566 ita
654 2501 812 2567 difficilem
835 2520 905 2568 esse
926 2501 1081 2568 existimo.
1126 2501 1189 2568 Sed
1203 2499 1279 2582 quid
1293 2502 1352 2567 hoc

246 2600 377 2683 prodest
409 2601 450 2666 ad
484 2600 714 2667 defendendam
741 2603 824 2667 hanc
855 2601 1039 2684 formulam,
1072 2620 1142 2667 cum
1175 2601 1286 2667 statim
1317 2599 1351 2665 in

247 2701 354 2768 verbis
385 2718 467 2781 quae
495 2704 684 2783 sequuntur,
716 2700 781 2767 alia
812 2701 942 2784 gravior
973 2701 1102 2768 offensio
1133 2700 1231 2766 insit?
1281 2699 1352 2785 Quo

248 2799 339 2867 modo
362 2800 444 2866 enim
474 2801 680 2882 explicemus,
711 2801 793 2881 qnod
824 2802 858 2868 in
889 2801 1069 2868 testimonio
1102 2806 1233 2867 exstant
1253 2802 1352 2868 verba

251 2903 303 2990 τὴν
323 2900 444 2989 μητέρα
467 2901 520 2987 τὴν
541 2899 639 2988 ἐρήνΡ
681 2903 755 2968 Ηοο
776 2903 844 2968 loco
865 2923 928 2968 non
953 2903 1029 2970 licet
1056 2906 1171 2985 putare
1191 2902 1291 2968 verba
1313 2919 1352 2967 ex

251 2999 517 3083 interpretatione
545 3001 729 3082 posterioris
755 3002 956 3085 grammatici
985 3008 1056 3069 orta
1091 3022 1176 3086 esse,
1209 3003 1264 3068 sed
1292 3005 1353 3070 hac

249 3123 312 3169 una
334 3107 459 3168 tantum
482 3100 608 3168 ratione
627 3103 710 3168 hanc
732 3103 931 3171 offensionem
953 3105 1071 3170 reicere
1090 3104 1218 3187 poteris,
1246 3102 1274 3168 si
1301 3103 1352 3167 de

250 3201 443 3269 monstrabis
464 3203 544 3268 haec
565 3204 664 3268 verba
686 3222 756 3270 esse
777 3209 939 3287 corrupta3
965 3209 1109 3271 attamen
1130 3203 1208 3269 mihi
1228 3202 1352 3284 quidem

250 3303 354 3370 facilis
376 3302 510 3369 mutatio
532 3323 594 3369 non
617 3309 667 3370 est
688 3309 826 3389 praesto,

331 3411 478 3492 Deniqne
510 3410 585 3492 quid
616 3413 745 3495 probari
772 3417 879 3496 potest
911 3413 1101 3497 testimonio,
1133 3413 1166 3478 in
1199 3433 1259 3494 qno
1289 3432 1353 3479 non

251 3516 536 3579 commemorantur
556 3512 683 3578 nomina
705 3513 858 3580 testium?
910 3513 999 3580 Huic
1027 3513 1189 3580 offensioni
1216 3514 1244 3579 si
1269 3513 1354 3580 forte

250 3632 401 3696 opponas,
423 3613 485 3677 hac
507 3631 547 3677 ex
567 3632 602 3678 re
624 3614 767 3680 concludi
788 3635 851 3681 non
872 3635 965 3698 posse
980 3615 1194 3682 testimonium
1207 3633 1270 3680 non
1285 3633 1356 3680 esse

249 3714 429 3798 genuinum,
451 3714 533 3793 quod
554 3732 656 3794 neque
676 3715 817 3798 falsario,
840 3735 932 3796 quem
952 3715 1121 3782 formulam
1143 3714 1354 3797 composuisse

249 3820 367 3897 putem,
388 3814 436 3880 ita
457 3833 607 3896 magnum
628 3814 726 3882 fuerit
750 3816 913 3900 negotium
939 3817 1067 3882 nomina
1093 3816 1223 3882 testium
1252 3835 1353 3882 emen·

250 3915 314 3999 tiri,
337 3920 370 3982 et
389 3913 517 3980 nomina
539 3933 559 3979 a
580 3914 710 3982 librario
737 3915 860 3998 aliquo,
889 3936 960 3983 cnm
985 3917 1027 3982 ad
1051 3936 1103 3983 res
1129 3914 1353 4000 intelligendas

335 4118 343 4146 ¹
362 4113 395 4169 cf.
414 4118 575 4182 apparatum
593 4113 715 4169 criticum
733 4115 774 4169 ad.
793 4114 818 4169 h.
835 4115 854 4169 i.

334 4196 396 4250 ὀί.
415 4197 432 4250 l.
449 4197 467 4250 l.
486 4213 511 4264 p.
530 4200 587 4252 121.
